1889 3015
917 41 944 85 9

240 187 344 227 Tum
375 195 454 225 non
484 183 621 224 tritam
649 184 926 234 sophistarum
956 182 1066 222 viam
1096 182 1313 234 processit,
1345 181 1421 222 sed
1451 192 1560 221 nova
1583 182 1761 231 molitus,

103 257 262 297 sectam
292 253 401 294 male
431 253 511 293 iam
540 254 776 293 audientem
802 253 857 291 ad
885 255 1093 292 certamen
1117 251 1323 301 quoddam
1345 252 1563 303 singulare
1593 251 1763 301 scriptis

101 324 193 366 suis
236 322 431 362 evocavit
469 332 605 372 nugas
641 323 869 371 praecepta
906 321 1006 359 vilia
1045 320 1254 359 doctrinas
1290 331 1423 359 vanas
1461 320 1761 370 perstringens.

104 391 224 439 Quod
260 391 404 441 voluit,
446 389 596 430 effecit.
656 389 804 429 Plures
844 388 885 428 ei
920 388 962 427 in
994 388 1084 428 dies
1126 387 1318 438 discipuli
1355 388 1652 428 accelerabant
1691 388 1764 437 ita,

102 462 150 498 ut
180 459 398 509 disciplina
427 470 509 498 non
540 457 667 498 multo
697 460 791 508 post
818 456 966 497 florere
996 457 1207 507 coepisset
1236 458 1277 495 et
1306 457 1453 506 ingens
1482 468 1631 507 agmen
1664 467 1764 495 eru-

103 527 281 568 ditorum
311 528 353 567 in
382 527 593 577 publicum
623 526 865 577 remitteret,
896 525 1045 576 quippe
1086 535 1193 575 quae
1231 535 1338 564 anno
1377 525 1527 566 aetatis
1556 526 1764 565 xxxxii

103 608 129 636 a
166 598 333 637 rhetore
366 597 515 645 aperta
549 606 625 644 per
660 594 755 634 LVI
792 605 924 635 annos
962 595 1111 644 optimo
1153 594 1389 643 magisterio
1430 594 1522 633 eius
1559 596 1762 635 uteretur.

102 666 150 705 lu
186 664 405 715 primisque
447 663 666 703 eruditioni
703 673 808 705 suae
848 663 1021 703 traditos
1059 663 1151 713 ipse
1187 663 1397 703 Isocrates
1436 661 1557 713 (XV,
1590 664 1644 701 93
1674 659 1763 711 sq.)

103 732 270 772 censuit
297 751 353 761 -
385 732 668 773 meritissimus
708 731 757 772 de
796 743 844 772 re
873 732 1039 782 publica
1079 734 1121 771 et
1151 730 1279 781 ipsius
1309 742 1335 770 a
1363 732 1527 781 puertia
1556 731 1766 770 amicissi-

103 812 194 841 mos
222 821 280 830 —
309 801 555 851 Eunomum‚
582 801 836 850 Lysithidem
869 801 1115 841 ditissimum
1151 800 1400 848 Thrasybuli
1431 802 1633 850 nepotem,
1665 800 1765 839 Cal-

103 867 274 920 lippum,
312 864 539 922 πρόξενον
575 871 920 909 Heracleatarum
958 872 1106 920 postea
1137 880 1191 908 ex
1222 868 1461 919 Apollodori
1493 868 1766 908 accusatione

104 938 190 990 (or.
220 939 432 980 Demosth.
477 935 558 989 52)
598 939 880 989 notissimum3
922 951 994 978 eos
1033 938 1158 988 paulo
1186 940 1279 987 post
1314 938 1448 978 secuti
1480 938 1648 987 Onetor,
1680 939 1766 977 ne-

103 1006 329 1047 mosthenis
358 1004 498 1046 affinis
528 1007 570 1046 et
597 1008 721 1057 tutor,
753 1017 846 1047 cum
877 1007 1124 1047 consobrino
1154 1004 1297 1045 fallaci
1328 1007 1500 1055 Aphobo
1532 1005 1614 1058 (cf.
1646 1007 1763 1049 Dem.

104 1077 208 1118 orat.
238 1073 319 1126 31)
358 1075 548 1115 Anticles
578 1076 764 1126 quidam,
807 1076 1045 1116 Philonides
1085 1075 1281 1115 Onetoris
1318 1074 1470 1126 frater,
1510 1075 1766 1115 Philomelus

100 1144 384 1194 Paeaniensis‚
423 1144 739 1186 charmantides
774 1144 859 1197 (or.
889 1146 984 1196 XV,
1015 1146 1069 1184 93
1099 1141 1200 1194 sq.)‚
1238 1143 1302 1183 his
1332 1145 1543 1184 accedunt
1570 1143 1765 1195 proximi,

104 1225 208 1263 quos
241 1225 294 1253 ex
322 1215 549 1263 temporum
578 1216 735 1254 ratione
759 1216 1027 1265 conjecimus,
1052 1214 1296 1262 Androtion,
1328 1215 1488 1263 isaeus,
1512 1214 1767 1261 Timotheus,

101 1282 308 1332 Lacritus,
336 1281 578 1331 Leodamas,
608 1283 831 1332 Lycoleon,
861 1285 1094 1333 Lycurgus.
1146 1283 1333 1331 Apparet
1358 1282 1472 1321 initio
1503 1282 1667 1332 quidem
1696 1293 1768 1321 so-

102 1352 169 1391 los
198 1350 420 1401 populares
448 1351 629 1389 scholam
655 1350 958 1400 frequentasse,
991 1351 1087 1400 quia
1116 1350 1169 1388 ad
1202 1350 1306 1389 illud
1332 1353 1494 1401 tempus
1524 1361 1658 1400 usque
1690 1361 1767 1400 pe-

103 1421 300 1469 regrinus
337 1419 550 1459 studiosus
586 1420 726 1459 nullus
767 1419 861 1458 mihi
897 1420 1074 1458 Athenis
1112 1419 1303 1460 innotuit.
1369 1421 1595 1468 Postquam
1626 1420 1766 1457 autem

103 1486 303 1537 plurimae
336 1486 529 1526 civitates
559 1487 976 1527 Lacedaemoniorum
1007 1486 1202 1536 superbia
1238 1488 1517 1527 exacerbatae
1546 1486 1601 1525 ad
1632 1487 1766 1525 Athe-

105 1556 276 1597 nienses
317 1554 562 1595 defecerant
602 1567 835 1606 novamque
872 1555 1166 1604 symmachiani
1210 1566 1302 1594 cum
1333 1557 1384 1596 iis
1414 1557 1594 1595 inierant
1623 1565 1648 1593 a
1679 1555 1766 1595 3⁷8

105 1623 250 1675 (Diod.
280 1624 374 1673 XV,
404 1622 485 1675 29)
524 1625 769 1664 commercio
805 1625 954 1663 iterum
992 1625 1100 1662 inter
1138 1625 1310 1675 populos
1342 1630 1502 1675 exorto,
1543 1637 1563 1665 e
1597 1624 1767 1664 coloniis

105 1695 147 1733 et
175 1692 381 1733 sociorum
413 1693 573 1742 oppidis
612 1694 789 1734 studiosi
829 1693 1090 1742 eloquentiae
1119 1695 1310 1732 Athenas
1346 1693 1553 1733 confluere
1597 1696 1637 1733 et
1675 1695 1767 1732 Iso-

105 1761 234 1801 cratis
263 1761 469 1800 auditoria
498 1762 706 1811 peregrini
739 1771 899 1810 quoque
931 1761 1093 1809 replere
1115 1765 1353 1811 coeperunt.
1394 1762 1673 1812 Alienigenae
1697 1764 1765 1801 ta-

103 1831 167 1870 les
196 1829 313 1888 ughis
343 1831 569 1869 occurrunt
597 1831 834 1870 Naucrates
865 1829 1137 1879 Erythraeus,
1178 1830 1386 1870 Philiscus
1425 1831 1635 1882 Milesius,
1660 1832 1767 1871 Hie-

103 1908 300 1946 ronymus
314 1898 631 1948 Megalopolita,
651 1901 859 1937 Isocrates
884 1898 1161 1948 Apolloniam,
1180 1900 1372 1948 Ephorus
1389 1899 1614 1950 Cumaeus,
1631 1902 1767 1939 Theo-

102 1977 278 2016 pompus
309 1966 455 2015 chius,
485 1968 742 2007 Theodectes
771 1966 997 2015 Phaselita,
1028 1967 1101 2004 alii
1134 1968 1262 2008 multi.
1333 1969 1471 2017 Atque
1501 1969 1570 2008 hic
1600 1970 1766 2018 quidem

104 2036 283 2075 alterum
322 2035 442 2085 quasi
478 2035 656 2084 spatium
695 2036 738 2074 in
774 2037 1001 2084 temporum
1040 2036 1201 2076 ratione
1240 2036 1432 2076 habenda
1463 2038 1620 2088 incipit,
1650 2039 1765 2088 post-

104 2171 206 2203 tione
237 2180 304 2205 sua
329 2169 442 2205 Isoer.
467 2171 570 2210 vidit.
595 2173 656 2216 qui
681 2172 725 2205 ad
751 2168 980 2206 Timotheum
1016 2172 1102 2206 illud
1135 2174 1263 2207 referri
1289 2173 1385 2209 vulti
1417 2175 1516 2207 recte
1549 2174 1692 2217 quidem
1719 2175 1766 2213 is,

104 2229 142 2260 et
174 2228 278 2262 loeus
318 2237 517 2269 perversus
550 2231 612 2270 sic,
635 2231 724 2263 mihi
754 2230 959 2262 enunciatis
989 2232 1206 2272 permutatis
1239 2232 1424 2266 sanandus
1454 2231 1615 2265 videtur:
1646 2248 1692 2255 —
1717 2247 1759 2254 —

101 2281 234 2328 λόγους
257 2301 302 2307 -
318 2301 363 2308 -
377 2283 463 2330 περὶ
488 2282 554 2322 οὓς
568 2282 814 2319 ἐσπούδασεν·
830 2280 1012 2332 α’ργύριον
1033 2295 1069 2319 τε
1088 2282 1180 2320 ὅσον
1195 2283 1317 2323 οὐδεὶς
1334 2288 1526 2331 σοφιστῶν
1541 2284 1759 2334 εὐπόρησεν,

105 2336 156 2380 ὥς
179 2338 242 2374 καὶ
263 2342 535 2389 τρνηραρχῆσαι
557 2367 567 2377 .
591 2338 771 2389 α’κροαταὶ
802 2338 837 2374 δ’
862 2339 981 2378 αὐτοῦ·
1004 2344 1173 2390 ἐγένοντο
1203 2344 1254 2382 εἷς
1276 2340 1322 2393 ρ’,
1346 2342 1451 2378 ἄλλοι
1475 2342 1517 2379 δὲ
1543 2342 1674 2378 πολλοὶ
1696 2342 1759 2377 καὶ

107 2396 293 2444 Τιμόθεος
316 2394 340 2432 o‘
360 2394 551 2443 Κόνωνος,
575 2397 646 2433 σῦν
668 2392 702 2446 ᾤ
731 2397 794 2432 καὶ
824 2398 964 2439 πολλοῖς
990 2399 1115 2440 πόλεις
1139 2398 1271 2444 ἐπῆλθε
1303 2399 1366 2434 καὶ
1390 2400 1515 2450 α’ρχοῖς
1540 2399 1581 2436 δὲ
1605 2400 1667 2435 καὶ
1690 2400 1755 2439 τας

102 2451 190 2500 περὶ
220 2452 293 2497 τήν·
317 2456 418 2490 Χῖον
437 2456 628 2499 κατέστησε
659 2453 721 2489 καὶ
749 2454 817 2500 τήν
847 2454 965 2500 αὗτῆν
993 2460 1039 2507 τῇ
1068 2456 1224 2507 πατρίδι
1254 2456 1455 2504 πολιτείαν,
1488 2458 1670 2498 συντιθεὶς
1693 2458 1760 2498 τᾶς

102 2509 199 2559 πρδς
226 2508 442 2554 Ἀθηναίους
471 2509 547 2547 11πὸ
584 2514 773 2559 Τιμοθέου
802 2516 1046 2561 πεμπομένας
1080 2513 1272 2553 ἐπιστολάς
1302 2526 1333 2549 κ.
1366 2527 1396 2550 τ.
1421 2516 1452 2551 ³..
1500 2519 1554 2551 De
1592 2519 1763 2551 Chiorum

103 2572 216 2604 rebus
235 2571 280 2605 cf.
297 2569 408 2606 Diod,
432 2569 527 2610 XIV,
550 2572 605 2606 84.
629 2573 683 2606 94.
707 2571 822 2606 Isoer.
844 2573 1004 2614 1v.139;
1029 2573 1127 2613 XIV,
1151 2577 1213 2615 ²83
1238 2575 1297 2613 IV,
1316 2576 1376 2614 1o;
1402 2575 1494 2613 vl11.
1520 2576 1585 2615 983
1610 2577 1766 2619 apparet

102 2629 176 2662 isto
216 2628 325 2661 modo
357 2627 596 2663 nihilominus
629 2631 859 2663 commisceri
883 2632 987 2673 prius
1021 2634 1089 2666 iter
1121 2633 1297 2667 Isocratis
1324 2643 1404 2667 cum
1429 2635 1641 2677 posteriore
1665 2635 1761 2678 quod

103 2693 184 2717 cum
217 2684 409 2719 TImotheo
443 2694 508 2728 per
536 2695 637 2720 mare
670 2686 840 2733 Aegeum
870 2689 958 2723 feeit
989 2690 1046 2724 01.
1073 2690 1150 2728 10⁰,
1183 2691 1205 2722 4
1227 2701 1273 2721 :z
1296 2691 1377 2730 37⁷,
1411 2694 1475 2725 ubi
1511 2692 1762 2725 Athenienses

104 2740 223 2774 denuo
262 2752 405 2776 summa
447 2744 591 2787 imperii
626 2744 735 2786 potiti
773 2748 1042 2787 symmachiam
1080 2748 1321 2782 recentiorem
1362 2757 1443 2782 cum
1486 2749 1697 2783 civitatibus
1741 2758 1764 2780 a

105 2797 298 2841 Spartanis
331 2799 485 2834 defectis
517 2801 643 2835 iniere.
667 2801 771 2843 plura
795 2802 880 2836 vide
904 2805 940 2836 in
966 2805 1088 2838 classe
1112 2804 1129 2838 Ι
1153 2807 1221 2839 sub
1249 2805 1340 2839 Tim.
