1889 3015
666 580 894 656 Pars
952 578 1217 680 prior.

810 731 998 813 Caput
1037 731 1082 793 Ι.

182 848 368 914 Schola
409 849 675 913 Isocrateo
716 849 779 911 ad
790 850 1100 1003 dtempgrtnm
1142 848 1195 911 et
1234 847 1456 911 locorum
1500 845 1729 910 rationes

823 954 956 1003 esen
991 955 1108 1002 1ur.

243 1111 447 1178 Scholam
478 1137 696 1176 oratoriam
728 1137 929 1179 Isocratis
960 1137 1132 1177 summis
1161 1136 1358 1176 laudibus
1388 1136 1469 1175 iam
1500 1136 1670 1175 veteres
1702 1135 1786 1175 cri·

121 1206 195 1247 tici
224 1207 476 1256 extulerunt,
508 1215 679 1256 quorum
702 1205 908 1254 judicium
939 1206 1176 1256 intelligens
1210 1208 1251 1245 et
1276 1207 1557 1254 incorruptum
1588 1207 1666 1247 est.
1712 1205 1787 1245 Ci-

123 1285 219 1314 oero
249 1275 364 1313 illam
395 1277 573 1313 cunctae
601 1274 806 1312 Graeciae
834 1275 955 1323 quasi
986 1274 1126 1312 ludum
1149 1275 1355 1323 quendam
1386 1277 1428 1312 et
1458 1272 1667 1312 officinam
1701 1274 1789 1312 elo--

126 1344 322 1392 quentiae
351 1342 521 1381 vooavit
556 1340 699 1393 (Brut.
728 1341 771 1391 8,
797 1344 867 1382 32.
900 1342 1014 1383 Orat.
1049 1343 1116 1391 13,
1137 1341 1227 1391 40),
1267 1353 1346 1391 quo
1380 1354 1434 1381 ex
1463 1342 1563 1380 ludo
1594 1343 1790 1391 tanquam

59 1421 67 1427 ·
127 1419 182 1450 ex
212 1421 317 1461 equo
349 1410 526 1449 Troiano
558 1411 657 1449 meri
689 1410 898 1460 principes
938 1411 1085 1460 partim
1126 1411 1168 1449 in
1208 1411 1387 1450 dicendo
1426 1411 1577 1460 partim
1608 1411 1649 1449 in
1680 1412 1789 1450 scri-

125 1480 260 1518 bendo
299 1479 495 1518 exierunt
525 1473 655 1528 (orat.
685 1479 713 1520 l.
744 1489 781 1521 e.
824 1475 890 1518 De
921 1489 979 1520 or.
1011 1481 1050 1528 2,
1081 1480 1149 1520 22.
1194 1478 1249 1521 cf.
1280 1479 1454 1527 Quintil.
1484 1479 1580 1529 ΧΠ,
1615 1480 1681 1530 10,
1719 1483 1791 1523 22.

129 1549 202 1597 Ηί,
237 1549 274 1598 1,
305 1545 415 1599 143.
475 1547 700 1596 Dionysius
734 1548 855 1597 pleno
895 1559 967 1586 ore
1004 1558 1127 1595 quum
1159 1548 1389 1585 orationum
1429 1548 1626 1587 Isocratis
1659 1550 1792 1597 aptis-

128 1617 322 1655 simamm
353 1617 406 1654 ad
437 1616 521 1653 vim
553 1615 772 1653 oratoriam
804 1617 846 1653 et
873 1615 1082 1663 politicam
1097 1616 1419 1664 promovendam
1452 1615 1519 1666 [V
1532 1626 1572 1665 p.
1594 1616 1679 1655 535
1696 1614 1791 1667 lm,

129 1686 214 1722 tum
249 1684 423 1723 scholae
457 1683 631 1732 gloriam
669 1683 948 1733 praedicavit,
987 1694 1092 1732 quae
1132 1684 1227 1733 ipsa
1264 1683 1303 1722 ei
1342 1684 1437 1722 visa
1468 1685 1535 1723 est
1571 1684 1793 1734 imaginem

131 1752 336 1801 quandam
367 1751 553 1790 civitatis
583 1751 854 1790 Atheniensis
881 1754 1196 1801 repraesentare
1227 1752 1361 1791 veluti
1380 1752 1551 1791 coloniis
1576 1753 1793 1793 deducen-

131 1820 197 1859 dis
238 1820 515 1869 eloquentiae.
591 1820 683 1867 Qua
721 1819 997 1859 admiratione
1043 1831 1117 1859 eos
1154 1819 1384 1859 affecerunt
1420 1823 1462 1859 et
1496 1821 1795 1870 discipulorum

134 1897 283 1938 magna
321 1888 463 1938 eopia,
504 1888 573 1937 qui
610 1887 812 1937 undique,
850 1888 920 1926 ubi
963 1887 1073 1926 fama
1118 1888 1360 1938 disciplinae
1400 1889 1654 1939 pervulgata
1693 1894 1796 1941 erat,

133 1952 322 1997 Athenas
351 1947 643 2007 accurrebant,
682 1958 725 1995 et
752 1958 1008 2006 praestantia
1037 1959 1341 1997 Isocrateorum
1379 1959 1467 1996 tum
1506 1958 1632 1997 rebus
1661 1961 1796 2008 gestis

132 2028 219 2065 tum
251 2026 512 2075 eloquentiae
541 2027 583 2065 vi
615 2026 945 2075 conspicuorum,
976 2027 1018 2065 et
1044 2026 1151 2075 quod
1182 2026 1325 2067 schola
1349 2037 1426 2076 per
1453 2027 1676 2076 sexaginta
1705 2028 1797 2068 fere

134 2105 266 2136 annes
300 2094 539 2142 magisterio
578 2093 730 2144 insigni
768 2104 846 2133 usa
875 2104 952 2143 per
990 2094 1204 2133 dimidium
1238 2096 1429 2134 seculum
1466 2092 1618 2144 floruit,
1671 2108 1796 2146 quum

137 2164 377 2214 magistrum
414 2162 529 2201 nullo
567 2163 719 2202 aetatis
757 2164 960 2203 momento
994 2162 1204 2202 auditores
1242 2160 1471 2202 deficerent
1510 2161 1718 2214 (Pausan.
1759 2168 1796 2214 1,

140 2232 206 2282 18,
243 2233 283 2274 8.
322 2229 450 2272 Isocr.
481 2231 576 2281 XV,
607 2229 702 2280 93).
774 2232 878 2269 'Pota
920 2231 1028 2271 enim
1060 2232 1257 2273 isocratis
1292 2231 1381 2271 vita
1410 2231 1461 2270 ab
1497 2235 1633 2272 aetate
1671 2235 1796 2283 virili,

137 2303 296 2341 remota
324 2310 352 2339 a
387 2299 545 2340 forensi
583 2300 763 2339 tumultu
792 2302 1054 2350 avocataque
1090 2311 1116 2339 a
1144 2301 1271 2340 rebus
1308 2300 1512 2350 gerundis
1544 2301 1796 2352 civitateque

138 2369 335 2420 regenda,
367 2368 410 2406 in
442 2368 653 2407 literarum
684 2369 958 2418 occupatione
988 2372 1030 2407 et
1059 2369 1100 2407 in
1130 2369 1278 2409 studiis
1299 2368 1507 2407 scribendi
1536 2369 1797 2420 docendique

139 2437 403 2486 tranquillius
439 2436 637 2478 decurrit.
699 2437 790 2484 Quo
828 2437 948 2475 modo
986 2439 1125 2475 autem
1161 2437 1213 2474 ad
1255 2438 1363 2475 hanc
1399 2437 1568 2475 vivendi
1597 2439 1800 2478 rationem

140 2505 350 2547 adductus
378 2504 446 2555 sit,
482 2506 528 2544 ut
557 2505 665 2545 intra
699 2506 882 2555 parietes
918 2505 1094 2561 gloriam
1131 2506 1246 2546 alere
1285 2505 1477 2545 maluerit
1507 2517 1629 2556 quam
1659 2508 1701 2547 in
1731 2507 1801 2549 fo-

139 2576 252 2617 rensi
279 2573 467 2623 strepitu,
497 2573 645 2623 paucis
676 2585 892 2623 exponam.

281 2642 507 2690 Isocrates,
537 2642 743 2682 Theodori
772 2640 882 2683 filius
902 2642 1121 2694 locupletis
1151 2642 1273 2693 civis,
1303 2642 1373 2693 qui
1396 2654 1472 2693 per
1501 2654 1648 2684 servos
1679 2645 1800 2685 tibia-

144 2720 236 2750 rum
272 2710 547 2752 fabricatores
583 2713 802 2758 quaestum
850 2722 972 2751 suum
1011 2712 1192 2751 faciebat
1237 2710 1318 2763 (cf.
1355 2711 1429 2753 vit.
1469 2710 1652 2763 script),
1691 2714 1801 2753 unde

145 2778 268 2819 etiam
304 2777 433 2819 filium
465 2778 658 2819 studiose
698 2778 959 2819 educandum
996 2781 1162 2820 curavit
1203 2779 1285 2832 (Is.
1317 2792 1376 2821 or.
1406 2781 1501 2832 XV,
1534 2782 1628 2824 161.
1681 2783 1801 2827 Dion.

146 2847 199 2899 V,
219 2858 258 2897 p.
278 2845 405 2899 5³4),
436 2850 612 2891 Athenis
634 2850 758 2890 natus
790 2851 854 2891 est
883 2849 949 2892 01.
971 2850 1041 2900 86,
1074 2850 1095 2890 1
1121 2861 1176 2886 =
1197 2850 1294 2891 436.
1351 2851 1414 2888 De
1438 2850 1663 2946 ,ῇιῙιζοιιῑιιῐθ
1696 2851 1803 2902 eius,
