1889 3015
935 57 994 102 55

137 202 285 253 dicam,
311 200 525 252 postquam
550 199 757 251 Bergkius
778 199 827 240 de
845 199 933 242 rell.
951 209 1054 242 com.
1072 201 1156 241 ant.
1177 211 1217 250 p.
1232 200 1301 243 82.
1319 199 1375 243 cf.
1397 199 1481 241 437
1499 201 1539 240 et
1556 199 1792 240 Boeokhius

137 271 179 312 in
209 270 348 310 indice
378 268 491 311 lectt.
521 269 702 311 Berolin.
736 264 962 309 1838—39
992 280 1030 319 p,
1063 271 1104 319 9,
1141 279 1246 320 quae
1276 270 1456 309 notanda
1486 271 1616 318 erant,
1658 269 1793 307 omnia

138 340 415 381 contulerunt.
483 339 598 379 Idem
627 329 692 379 est
719 338 802 388 ille,
834 338 903 387 qui
932 338 974 377 in
1004 338 1122 376 titulo
1154 339 1304 388 Attico,
1335 350 1447 390 corp.
1479 341 1611 382 Inscr.
1643 339 1794 378 Graec.

138 410 181 460 Ι,
208 419 249 449 n.
285 406 369 449 218
406 408 581 459 legitur:
622 403 947 463 Χαρμαντίδης
982 401 1321 463 Χαιρεστρᾶτου
1357 401 1618 457 Παιανιεὺς,
1656 407 1796 446 victor

138 476 407 517 Pandionidis
436 478 567 516 tribus
598 477 721 516 choro
757 477 940 516 virorum
978 477 1020 515 in
1059 477 1292 527 'Phargeliis
1333 488 1414 515 una
1445 488 1537 516 cum
1567 477 1794 516 Philomelo

138 546 209 586 illo
237 546 512 587 renunciatus
541 557 621 584 non
641 547 736 585 ante
768 545 830 587 01.
853 545 928 596 95;
961 545 1081 596 idem,
1113 546 1179 595 qui
1201 545 1311 596 apud
1334 545 1547 584 Platonem
1578 557 1616 595 p.
1649 544 1733 585 328
1761 546 1794 584 Β

139 615 333 666 colloquii
362 615 414 654 de
445 613 677 664 Republica
716 624 809 653 eum
840 615 1021 665 Cephalo
1061 616 1302 664 vetustiore,
1340 614 1482 663 Lysia,
1519 615 1793 663 Euthydemo‚

139 684 446 733 Thrasymacho
468 683 758 735 Chalcedonio,
790 684 1051 735 Clitophonte
1075 684 1353 734 consociatur,
1384 693 1555 733 quorum
1574 683 1794 732 plerosquo

140 765 194 792 ex
223 752 290 794 01.
324 754 378 792 9⁶
408 752 545 792 media
575 753 725 802 petitos
755 753 965 804 Bergkius
994 755 1108 792 recte
1139 753 1332 794 ostendit.
1374 753 1509 792 Habet
1531 752 1660 801 igitur
1681 762 1794 789 eom-

139 820 411 862 meudationis
441 823 596 861 certam
625 822 823 873 speciem,
853 822 960 873 quod
991 822 1068 863 sub
1100 821 1209 862 idem
1239 824 1403 873 tempus
1424 821 1601 861 Isocrati
1630 830 1797 871 operam

139 901 232 931 eum
261 891 428 931 dedisse
456 893 662 941 putamus.

276 959 474 1000 xxxix,
520 955 689 1012 straton,
721 961 1000 1011 Atheniensis,
1031 960 1081 1000 de
1115 970 1193 1010 quo
1223 961 1385 1000 homine
1415 959 1470 999 nil
1501 958 1591 1000 fere
1621 960 1798 1007 constat,

140 1027 318 1078 Diogeni
349 1028 513 1067 Laertio
544 1029 598 1076 V,
628 1030 698 1078 61,
735 1029 969 1070 Isocrateus
1006 1029 1161 1068 fertur:
1204 1023 1412 1081 γεγόνασι
1450 1024 1500 1068 δὲ
1540 1022 1801 1082 Στράτωνες

140 1087 259 1136 ὀκτώ
272 1106 282 1117 ·
310 1092 489 1151 πρῶτος
515 1088 789 1152 Ἰσοκράτους
818 1091 1038 1154 ἄκροοῖτ-ης
1064 1094 1156 1138 κτλ.
1174 1095 1252 1149 4⁹)

282 1166 372 1208 XL.
426 1163 664 1224 Autoorator,
692 1169 962 1209 Atheniensis
992 1168 1169 1217 videtur,
1200 1168 1320 1207 cuius
1341 1167 1576 1208 memoriam
1598 1166 1688 1216 ipse
1710 1174 1799 1203 ma-

139 1234 272 1284 gister
300 1234 416 1275 solus
445 1237 562 1276 nobis
592 1237 737 1286 tenuit,
768 1238 837 1286 qui
867 1248 941 1287 per
970 1237 1184 1288 epistolam
1218 1238 1301 1277 Vn
1332 1248 1423 1277 eum
1455 1239 1501 1277 ut
1530 1236 1666 1275 virum
1699 1243 1800 1272 con-

139 1304 410 1343 sultissimum
434 1305 597 1354 sibique
625 1307 667 1344 et
690 1306 965 1345 familiaritate
993 1307 1306 1355 studiorumque
1326 1308 1528 1346 societate
1546 1303 1802 1343 coniunctis-

141 1371 289 1411 simum
318 1372 360 1410 in
389 1372 566 1421 gratiam
596 1373 813 1422 Timothei,
844 1374 1036 1414 clearchi
1067 1375 1231 1423 tyranni
1262 1373 1349 1424 filii,
1379 1368 1713 1421 insinuavit.⁶⁰)

277 1441 385 1482 XLI.
430 1437 627 1494 Diodotus,
656 1443 926 1483 Atheniensis
950 1444 1128 1486 videtur.
1174 1445 1277 1483 Eum
1308 1446 1516 1484 Isocrates
1546 1452 1619 1492 per
1642 1440 1799 1491 episto-

141 1508 224 1548 lam
252 1509 314 1548 IV
342 1511 390 1548 ut
419 1510 666 1561 discipulum
706 1512 904 1563 magistro
936 1512 1220 1563 dignissimum
1263 1512 1318 1564 (ς
1354 1510 1400 1563 1)
1437 1511 1655 1561 Antipatro
1686 1519 1801 1548 com-

145 1578 372 1621 mendavit.
419 1580 529 1619 Huic
558 1581 754 1621 Isocratis
783 1580 987 1629 familiari,
1016 1583 1124 1620 teste
1155 1582 1244 1631 ipso
1274 1583 1547 1631 praeceptore
1579 1581 1621 1618 et
1650 1578 1800 1625 amico,

144 1658 194 1686 ea
224 1648 377 1698 ingenii
406 1648 533 1688 totius
562 1649 793 1689 dexteritas
823 1650 1009 1701 contigit,
1040 1653 1086 1689 ut
1114 1651 1223 1690 inter
1252 1662 1393 1690 omnes
1424 1648 1625 1690 Isocratis
1656 1650 1799 1687 secta-

141 1718 256 1774 tores
285 1717 615 1758 absolutissimus
646 1722 687 1758 et
716 1718 1043 1769 perfectissimus
1074 1717 1380 1771 evaderet.⁵¹)
1433 1721 1476 1759 Is
1506 1720 1547 1758 in
1579 1718 1696 1766 Asia,
1726 1728 1803 1767 pa·-

141 1786 223 1824 tria
253 1795 344 1836 sua,
375 1786 533 1837 degens
564 1787 755 1826 veritatis
785 1790 826 1826 et
854 1789 981 1827 libere
1005 1788 1199 1839 loquendi
1226 1789 1346 1828 nimio
1376 1789 1513 1828 studio
1539 1787 1648 1837 apud
1677 1797 1804 1836 quos-

145 1855 240 1893 dam
268 1866 462 1905 proceres
492 1855 534 1895 in
565 1856 701 1896 odium
733 1860 921 1906 vocatus,
952 1860 1128 1898 honores
1169 1870 1270 1908 quos
1300 1859 1444 1906 tenuit,
1484 1858 1621 1897 amisit
1652 1856 1706 1907 (S
1739 1853 1806 1905 7),

144 1925 513 1975 praeceptorisque
545 1926 938 1966 commendationem
972 1927 1187 1978 expetivit,
1220 1930 1266 1967 ut
1295 1928 1347 1967 de
1377 1939 1423 1967 se
1454 1927 1508 1966 ad
1538 1927 1805 1976 Antipatrum

143 1993 359 2034 scriberet.
419 1994 578 2043 Insigni
619 1996 839 2044 praeconio
877 1996 950 2046 illi,
989 1997 1095 2046 quod
1135 1999 1343 2037 Isocrates
1386 1997 1587 2067 discipulo
1629 2006 1706 2035 suo
1740 2006 1804 2043 ep.

143 2062 217 2111 IV,
246 2061 274 2101 4
305 2061 461 2112 tribuit,
489 2062 588 2102 nihil
622 2065 698 2113 est,
729 2064 837 2115 quod
867 2064 1031 2108 addam.
1097 2086 1100 2092 ,

286 2175 348 2219 ⁴⁰)
372 2144 499 2220 Neque
523 2177 764 2213 confidentius
790 2178 834 2213 de
862 2179 926 2213 illo
944 2177 1121 2213 Straton&
1132 2180 1378 2225 cogitandum,
1403 2189 1508 2223 quem
1528 2178 1803 2213 Demosthenes

145 2243 198 2268 or.
223 2232 325 2274 XXI.
342 2234 483 2269 83—96
509 2232 607 2278 (cum
626 2236 799 2278 scholiis)
826 2237 1009 2272 hominem
1025 2246 1224 2280 pauperem
1249 2238 1286 2272 et
1310 2239 1414 2282 quasi
1430 2239 1604 2272 rusticum
1622 2236 1802 2280 probissi-

146 2301 244 2325 mum
269 2300 357 2325 vero
383 2293 482 2327 dicit.
535 2292 602 2325 Hic
626 2290 811 2336 διαιτητής
840 2297 986 2329 creatus
1012 2292 1185 2337 (διαιτῶν
1207 2294 1435 2340 Δημοσθένει
1457 2293 1519 2327 καὶ
1541 2291 1680 2338 Μειδίᾳ
1705 2294 1728 2326 l.
1755 2292 1806 2333 c.)

146 2358 297 2383 munere
322 2358 389 2382 suo
415 2360 521 2393 quam
548 2351 683 2393 optime
707 2351 853 2385 functus
879 2354 924 2385 ab
950 2354 1129 2395 improbis
1154 2353 1245 2387 viris
1272 2354 1370 2386 velut
1393 2353 1539 2387 aMidia
1565 2361 1649 2386 reus
1671 2352 1805 2389 factus,

147 2407 230 2448 quia
262 2408 448 2450 nequitiae
471 2405 562 2443 'eius
594 2418 731 2452 morem
758 2419 889 2453 gerere
917 2410 1095 2447 noluerat,
1128 2411 1289 2444 honores
1321 2411 1490 2453 publicos
1524 2409 1565 2452 (1.
1601 2421 1632 2444 c.
1657 2421 1693 2452 p.
1719 2407 1804 2449 542)

145 2463 282 2500 amisit,
305 2473 376 2505 qua
402 2474 447 2497 ex
470 2465 595 2498 atimia
619 2474 692 2499 non
717 2476 844 2512 rursus
870 2468 929 2501 est
952 2467 1130 2501 liberatus
1153 2477 1191 2509 p.
1215 2468 1296 2502 544.

290 2517 353 2562 ⁶⁰)
380 2521 490 2556 Cuius
516 2523 697 2566 epistolae
720 2524 955 2569 paragrapho
986 2524 1126 2558 decima
1150 2526 1241 2559 haec
1267 2527 1379 2559 verba
1403 2526 1648 2559 continentur:
1683 2520 1807 2557 Av'ro-

145 2575 292 2627 κράτωρ
316 2575 391 2625 γοῒρ
416 2574 439 2611 ὅ
467 2577 512 2613 τοὶ
536 2578 744 2627 γράμματα
770 2582 898 2630 φέρων
916 2582 1056 2619 οἰκείως
1079 2578 1172 2629 ἧμῖν
1202 2580 1299 2628 ἔχει·
1323 2584 1409 2630 περὶ
1424 2592 1460 2616 τε
1481 2581 1555 2630 γάρ
1573 2581 1637 2620 τοῖς
1660 2579 1806 2628 διατρι-

144 2632 214 2675 βιὶς
235 2633 302 2673 τοῖς
326 2632 441 2674 adroic
462 2635 674 2683 γεγόναμεν
694 2635 758 2671 καὶ
779 2641 823 2688 τῇ
845 2640 957 2688 τέχνῃ
982 2638 1157 2679 πολλάκις
1181 2638 1299 2674 αὐτοῦ’
1321 2642 1511 2687 κέχρηααι
1533 2637 1595 2672 καὶ
1618 2637 1659 2672 τό
1684 2638 1805 2672 τελευ-

145 2689 255 2724 ταῖον
275 2691 362 2740 περι
383 2695 446 2737 τῆς
469 2690 685 2742 ἀποδημίας
707 2696 768 2739 τῆς
794 2708 844 2736 ως
868 2695 908 2732 σὲ
932 2695 1141 2744 σύμβουλος
1163 2695 1347 2745 ἐγενόμην
1370 2696 1475 2746 αι’τῳ
1495 2696 1568 2733 κτλ.

287 2750 347 2794 ⁸¹)
379 2746 487 2792 οὖτος
519 2749 554 2785 δ’
588 2749 705 2791 ουτως
744 2753 981 2804 εὐάρμοστον
1009 2754 1076 2797 τήν
1107 2753 1223 2800 φύσιν
1252 2754 1365 2802 ἔσχεν
1396 2753 1482 2803 ῷστ’
1516 2754 1556 2790 ἓν
1585 2752 1702 2789 dudo*
1731 2755 1807 2792 τοῖς

147 2803 358 2853 *ῗρημένοῠς
376 2807 449 2853 (sc.
473 2810 550 2850 τοῖς
572 2807 771 2860 Ἰσοκράτει
794 2810 1070 2856 πεπλησιακόσι,
1095 2815 1141 2849 ef.
1165 2812 1189 2856 S
1216 2816 1234 2850 1
1260 2815 1332 2858 sq.)
1359 2812 1579 2851 τελειότατος
1602 2810 1709 2847 εἶναι.

832 2866 1107 2882 W
