1889 3015
948 45 973 89 7

130 193 254 232 natus
283 191 363 239 est,
400 199 495 229 nam
531 188 631 229 nihil
670 188 814 229 habuit
847 198 1016 235 causae,
1048 199 1125 228 cur
1159 187 1341 228 scholam
1371 187 1549 227 Athenis
1580 185 1791 227 florentem

131 260 348 300 desereret
375 257 689 308 periculumque
728 260 869 298 aetate
894 257 978 306 jam
1011 257 1248 307 provectior
1276 256 1374 295 alibi
1404 255 1578 305 faceret,
1610 256 1790 295 credibi-

129 329 213 368 lius
242 330 490 377 autem‘pro
531 326 611 366 viri
650 326 791 365 timido
830 327 1065 376 pavidoque
1106 326 1277 375 ingenio,
1307 325 1515 375 animique
1553 336 1711 375 angore
1743 325 1795 363 de

131 407 241 436 nova
260 397 404 435 schola
425 395 717 446 inauguranda
745 395 854 444 apud
877 395 1044 445 ignotos
1065 395 1191 435 Chios
1211 395 1385 444 cogitari
1410 394 1508 443 quit,
1539 405 1661 443 quam
1683 394 1795 442 apud

132 466 250 506 cives
280 477 393 516 suos,
424 474 595 515 quorum
625 463 669 502 in
701 464 833 504 oculis
856 464 1020 503 nimiam
1051 463 1272 502 audaciam
1306 463 1343 501 ei
1374 473 1400 500 a
1421 465 1569 502 natura
1600 464 1796 512 negatam

131 545 234 583 prae
263 546 312 573 se
352 534 465 573 ferre
495 532 650 573 debuit.
712 532 859 571 Obstat
895 535 1114 581 praeterea
1155 531 1452 580 discipulorum
1491 542 1571 569 non
1612 531 1796 580 exiguus

131 613 343 652 numerus,
371 601 441 650 qui
471 601 549 640 sub
580 600 711 649 ipsam
742 600 906 650 olymp.
928 602 983 641 98
1013 612 1074 649 sq.
1104 600 1358 639 institutione
1386 599 1620 638 clarissima
1641 600 1796 639 exculti

132 672 175 709 in
189 671 398 720 publicum
421 669 682 718 prodierunt3
707 670 753 706 ut
777 666 949 706 afferam
966 668 1274 716 Androtionem,
1299 668 1367 716 qui
1390 669 1496 706 teste
1520 668 1797 706 Demosthene

130 749 173 787 p.
212 738 299 777 618
337 748 375 781 a.
407 737 492 777 355
534 737 705 787 triginta
739 737 825 786 jam
855 747 987 776 annos
1017 737 1056 774 in
1089 735 1258 775 civitate
1291 737 1486 775 versatus
1519 738 1628 784 erat;
1669 746 1796 785 quare

133 817 172 849 a.
203 806 287 845 385
317 807 370 845 ad
401 817 486 844 rem
515 806 722 855 publicam
761 806 947 845 accessit
990 805 1164 854 ejusque
1195 804 1372 842 eruditio
1406 826 1457 831 -
1490 815 1594 853 quae
1625 804 1799 854 grandis

134 877 224 914 erat
250 875 306 916 cf.
331 886 371 924 p.
398 873 484 912 694
508 892 565 903 —·
594 873 637 912 in
668 874 799 923 ipsam
831 875 896 916 01.
929 876 985 914 98
1019 874 1144 914 cadit.
1187 874 1485 922 Praeterquam
1517 876 1655 911 autem
1688 875 1796 922 quod

132 944 204 984 Ps.
227 942 479 981 Plutarchus
507 942 549 979 et
568 942 740 980 Photius
771 942 874 981 locis
898 953 1026 992 supra
1051 942 1246 980 adhibitis
1274 945 1432 982 certum
1455 942 1506 980 de
1530 941 1632 980 Chia
1653 942 1799 979 schola

134 1011 323 1050 nuntium
353 1010 550 1058 tulerunt,
577 1010 752 1060 contigit
788 1010 904 1049 nobis
936 1011 1039 1049 duos
1078 1010 1290 1049 auditores
1320 1020 1469 1048 novem
1502 1010 1662 1049 illorum
1696 1021 1799 1059 quos

134 1080 277 1120 habuit
316 1080 425 1130 apud
459 1079 584 1120 Chios
623 1080 826 1129 reperire:
870 1080 1151 1119 Metrodorum
1190 1081 1233 1117 et
1263 1079 1493 1119 Caucalum
1533 1077 1612 1130 (de
1652 1080 1800 1129 quibus

134 1150 233 1188 vide
269 1150 311 1187 in
350 1151 404 1189 11.
437 1146 620 1197 classe);
659 1148 892 1186 testimonio
933 1150 1100 1187 accedit
1139 1159 1289 1198 magna
1327 1148 1623 1197 discipulorum
1665 1149 1799 1196 copia,

135 1218 207 1268 qui
240 1229 292 1257 cx
321 1218 427 1256 Asia
472 1221 513 1255 et
544 1216 835 1256 Chersonneso
876 1220 917 1256 et
946 1219 1075 1256 Ponto
1116 1217 1276 1255 oriundi
1316 1219 1460 1266 postea
1490 1217 1678 1255 Athenas
1712 1219 1800 1255 {so-

136 1286 242 1324 crati
271 1285 564 1323 accelerabant
595 1282 675 1333 (cf.
708 1296 765 1326 or.
788 1286 882 1330 XV,
914 1283 1044 1334 224];
1075 1286 1172 1322 hinc
1194 1285 1299 1322 enim
1332 1286 1383 1322 ab
1415 1285 1488 1322 illa
1518 1285 1658 1322 insula
1691 1284 1801 1322 fama

136 1353 381 1403 disciplinae
413 1363 487 1403 per
517 1352 660 1401 Asiae,
701 1353 977 1403 Propontidis,
1018 1353 1135 1392 Ponti
1168 1363 1263 1393 oras
1294 1353 1521 1392 maritimas
1552 1354 1802 1403 pervulgata

137 1424 298 1472 multos,
335 1425 382 1461 ut
417 1423 606 1461 Athenas
645 1423 940 1471 posterioribus
980 1407 1429 1472 quoque'temporibns
1464 1424 1692 1461 Isocratem
1724 1424 1801 1461 ad-

135 1492 257 1541 irent,
287 1491 519 1531 commovit.

276 1561 490 1598 Postremo
521 1559 755 1597 ratiuncula
787 1561 839 1597 ad
873 1560 1176 1608 chronologiam
1208 1561 1408 1609 adaptata
1441 1560 1696 1599 orationibus
1726 1562 1801 1599 tri-

138 1628 215 1667 bus
247 1627 400 1667 Contra
430 1628 660 1677 Sophistas‚
693 1628 851 1667 Helena
882 1628 1041 1667 Busiris
1073 1627 1281 1678 inscriptis
1317 1630 1590 1677 sustentatur,
1623 1640 1729 1679 quae
1761 1630 1803 1668 in

138 1697 337 1746 proximis
367 1697 486 1734 annis
508 1700 601 1745 post
621 1697 798 1735 reditum
825 1697 1044 1736 confectae
1075 1700 1185 1739 sunt.
1234 1700 1279 1736 In
1312 1701 1477 1747 gentem
1502 1700 1803 1747 Sophistarum,

140 1765 210 1814 qui
242 1767 370 1803 totum
402 1765 521 1813 quasi
555 1765 715 1803 coelum
746 1766 960 1804 literarum
999 1766 1178 1804 Athenis
1216 1769 1302 1805 tum
1334 1770 1646 1817 occupaverant
1683 1770 1804 1805 tene-

140 1835 333 1884 bantque,
364 1834 432 1883 qui
465 1834 725 1874 miraculosis
756 1834 956 1872 doctrinis
992 1835 1242 1884 ineptiisque
1273 1835 1469 1875 inauditis
1506 1837 1696 1875 asseclas
1726 1836 1806 1874 sibi

138 1902 401 1943 asciscebant
456 1889 733 1951 populumque
781 1903 1064 1951 delectabant,
1115 1906 1321 1943 Isocrates
1372 1905 1712 1944 animadvertens
1764 1910 1806 1942 et

140 1982 277 2021 nugas
307 1982 448 2010 eorum
480 1971 707 2021 castigans,
739 1972 829 2021 ipse
853 1973 994 2020 justas
1026 1984 1157 2012 novas
1182 1973 1403 2012 inusitatas
1427 1974 1603 2014 docendi
1626 1976 1667 2012 et
1698 1974 1805 2012 scri-

141 2041 265 2080 bendi
296 2040 489 2079 materias
520 2039 810 2090 doctrinasque
842 2042 1179 2089 pronuntiaturus
1210 2044 1295 2090 est3
1327 2043 1363 2080 ei
1386 2045 1523 2081 autem
1557 2044 1625 2091 qui
1656 2054 1806 2081 recen-

141 2112 224 2148 tem
252 2109 435 2147 scholam
467 2109 631 2157 aperire
661 2110 806 2158 voluit,
846 2121 1107 2160 programma
1145 2111 1312 2159 aliquod
1353 2122 1457 2159 opus
1489 2114 1593 2160 erat,
1632 2122 1712 2159 quo
1745 2112 1806 2149 ci-

141 2178 254 2217 vium
295 2177 439 2217 oculos
479 2179 521 2216 in
559 2190 604 2217 se
646 2180 914 2218 converteret
944 2180 1191 2228 scholaeque
1230 2178 1383 2218 famam
1424 2182 1466 2218 et
1505 2181 1806 2219 incrementum

141 2249 321 2297 pararet.
382 2247 495 2285 Talis
535 2247 624 2286 fere
665 2249 730 2286 est
774 2248 956 2286 conditio
998 2248 1196 2286 orationis
1227 2247 1383 2287 Contra
1412 2250 1642 2298 Sophisias,
1684 2260 1807 2297 quam

142 2315 194 2354 ad
226 2315 505 2365 auspicandas
536 2316 656 2366 quasi
687 2317 854 2356 scholas
884 2316 1106 2356 adhibitam
1137 2317 1227 2366 ipse
1259 2319 1395 2355 orator
1426 2317 1544 2368 (XV,
1592 2317 1699 2366 193)
1731 2317 1806 2356 de-

144 2385 289 2433 clarat,
322 2395 400 2432 quo
431 2388 613 2433 tempore
642 2386 815 2434 primum
846 2385 886 2423 in
917 2387 997 2424 hoc
1024 2385 1191 2424 dicendi
1220 2396 1373 2434 genere
1397 2386 1559 2424 versari
1591 2386 1807 2434 inceperit,

143 2453 252 2502 quod
289 2455 401 2492 recte
440 2454 691 2503 Spengelius
728 2466 766 2504 p.
812 2456 892 2494 166
935 2458 976 2494 et
1014 2454 1222 2504 Sauppius
1261 2454 1314 2492 ad
1355 2453 1419 2496 Pf.
1450 2466 1491 2504 p.
1532 2455 1616 2494 405
1655 2456 1808 2504 opinati

143 2524 254 2563 sunt.
315 2522 466 2561 Incidit
495 2523 625 2571 igitur
654 2524 784 2562 oratio
814 2524 855 2562 in
888 2526 992 2565 extr.
1026 2524 1089 2565 Ol.
1113 2525 1187 2572 ⁰6;
1219 2534 1352 2572 neque
1376 2524 1498 2561 aliter
1519 2524 1704 2562 Helenae
1732 2537 1808 2563 en-

145 2590 334 2638 comium,
365 2590 470 2639 quod
501 2591 572 2628 alii
606 2591 782 2642 Gorgiae
805 2591 1083 2630 aemulatione
1114 2591 1186 2630 alii
1217 2591 1256 2629 in
1290 2592 1551 2639 Polycratem
1583 2593 1807 2642 sophistam

143 2658 343 2707 scriptum
382 2647 532 2707 putant'
566 2658 644 2708 (ex
682 2663 926 2710 argumento
967 2664 1069 2701 orat.
1109 2659 1164 2702 cf.
1205 2658 1356 2701 Pfund.
1394 2671 1433 2708 p.
1479 2659 1566 2709 19),
1606 2661 1659 2698 ad
1703 2663 1810 2699 haec

142 2726 281 2775 priora
312 2728 482 2766 scholae
514 2729 699 2776 tempora
729 2728 994 2767 referendum
1027 2731 1103 2770 est.

280 2796 454 2845 Propius
486 2799 623 2842 autem
657 2807 679 2834 a
712 2808 812 2836 vero
839 2801 1021 2847 tempore
1054 2799 1092 2835 in
1127 2797 1310 2837 oratione
1334 2797 1496 2836 Busiris
1528 2797 1700 2846 incripta
1734 2799 1809 2836 ab·
