1889 3015
919 55 971 100 11

114 199 271 251 scripta
298 208 339 241 a.
369 199 467 246 3⁷2,
496 196 620 236 tertia
650 196 692 235 in
719 197 943 247 Evagon-ae
974 196 1153 246 laudem,
1184 205 1264 234 non
1294 195 1422 234 multo
1447 196 1540 244 post
1571 193 1684 233 edita
1716 195 1781 234 vi-

115 270 241 310 detur
269 266 378 317 qaod
407 264 683 316 proficiscitur
723 277 777 306 ex
807 264 837 314 g
870 266 939 306 ⁷8.
1011 266 1059 304 In
1099 264 1233 304 altera
1274 274 1325 303 ea
1364 263 1610 313 disciplinae
1644 267 1784 303 aetate

116 337 268 377 finibus
296 336 540 386 provinciae
569 334 803 376 rhetoricae
833 335 960 375 latius
984 333 1198 384 productis
1228 333 1371 372 schola
1401 333 1453 372 ad
1476 344 1680 373 summum
1705 345 1783 373 ex-

119 405 341 446 cellentiae
370 407 412 445 et
440 405 599 457 gloriae
627 404 844 455 fastigium
873 406 1074 453 provecta
1105 404 1182 443 est.
1228 401 1337 440 Nam
1367 406 1534 451 praeter
1562 403 1785 453 populares

117 474 190 523 qui
220 476 521 516 consuetudine
551 473 748 512 Isocratis
777 473 1003 514 utebantur
1030 471 1255 521 permultos
1274 472 1518 520 peregrinos
1547 473 1659 522 apud
1690 483 1785 511 eum

118 544 318 593 reperies,
349 544 446 592 quin
480 552 653 591 quorum
685 541 877 580 memoria
907 552 987 580 non
1020 540 1101 579 iam
1134 539 1319 587 evanuit,
1350 540 1429 578 soli
1459 539 1549 579 fere
1579 541 1784 590 alienige-

118 622 199 652 nae
228 624 284 651 ex
314 623 363 650 eo
394 609 588 659 temporis
617 610 753 658 spatio
785 609 902 649 nobis
931 609 1214 651 innotuerunt.
1284 608 1366 647 Rei
1396 609 1629 658 insolentia,
1659 610 1783 650 scho-

118 681 186 720 lae
215 679 378 729 laudes,
407 678 690 729 praeceptoris
729 678 903 718 divitiae
940 678 1148 728 ingentes,
1189 687 1298 726 quae
1338 689 1393 716 ex
1428 678 1579 727 grandi
1609 688 1781 717 numero

119 748 417 798 discipulorum
448 748 681 787 mercedem
711 747 960 787 solventium
990 749 1032 786 et
1062 758 1118 785 ex
1146 745 1373 785 amicorum
1403 747 1536 796 gratis
1568 747 1715 785 animis
1744 747 1783 786 ei

120 816 347 858 affluebant
362 839 418 846 —
447 816 502 858 cf.
524 820 681 868 partem
703 819 742 857 ll
764 817 848 858 hui.
873 816 942 857 lib.
970 837 1018 845 -
1044 815 1183 855 odium
1205 814 1487 865 invidiamque
1509 817 1786 866 sophistarum

121 891 353 927 ceterorum
385 886 424 925 ei
455 887 778 934 commoverunt,
810 886 891 934 qui,
930 887 977 924 ut
1007 885 1330 924 detrectatorum
1361 886 1438 933 est,
1469 885 1523 924 de
1553 884 1665 923 fama
1695 885 1788 924 eius

121 956 401 1003 detrahentes,
439 953 629 994 fortunas
659 954 909 1003 divitiasque
950 954 1090 993 verbis
1129 955 1438 1003 exaggerantes
1469 952 1710 1004 effecerunt,
1741 956 1789 993 ut

122 1025 173 1063 ob
204 1033 351 1066 munus
381 1022 976 1064 triremiuminstruendarum
1019 1022 1082 1062 bis
1121 1021 1165 1063 in
1202 1022 1402 1061 iudicium
1433 1023 1672 1073 vocaretur,
1701 1022 1788 1073 pri-

123 1104 231 1133 mum
259 1104 286 1132 a
308 1093 549 1143 Megaclide
578 1104 616 1135 a.
640 1093 726 1133 355
756 1091 1002 1131 facultatum
1024 1092 1367 1141 permutationem
1398 1091 1438 1131 ei
1463 1090 1675 1141 offerente,
1706 1092 1788 1131 ite-

122 1174 211 1201 rum
242 1173 280 1203 a.
311 1162 397 1201 353
427 1172 452 1199 a
481 1162 726 1210 Lysimacho
757 1161 865 1210 quod
897 1160 1188 1199 adolescentes
1217 1163 1502 1210 corrumperet
1529 1160 1672 1209 pravis
1696 1161 1787 1199 elo-

123 1232 316 1280 quentiae
345 1231 579 1279 praeceptis
609 1229 837 1271 tradendis.
862 1251 915 1257 -
948 1227 1028 1278 (cf.
1058 1229 1170 1271 Plut.
1200 1241 1240 1278 p.
1271 1229 1356 1268 839
1388 1239 1424 1269 c.
1456 1230 1574 1270 Phot.
1605 1240 1645 1277 p.
1678 1228 1788 1279 487;

121 1301 179 1341 Is.
207 1299 302 1346 XV,
334 1298 404 1346 30,
438 1298 533 1338 101.
565 1297 675 1347 240;
721 1297 788 1347 14,
832 1298 883 1337 16
915 1297 968 1335 de
997 1297 1255 1336 trierarchiis
1297 1297 1339 1336 in
1377 1298 1495 1347 parte
1527 1299 1569 1336 11
1607 1294 1787 1348 agitur).

123 1369 237 1407 Istae
267 1376 422 1419 causae
453 1368 610 1406 tantum
638 1367 797 1415 aberat,
828 1368 874 1405 ut
901 1366 1096 1409 Isocratis
1129 1368 1242 1406 vitae
1263 1368 1304 1405 et
1333 1366 1545 1406 doctrinae
1571 1367 1791 1406 existima-

123 1437 275 1474 tionem
304 1435 605 1484 imminuerent,
635 1436 682 1475 ut
711 1447 781 1475 res
818 1435 1017 1474 clariores
1053 1436 1095 1473 in
1126 1438 1271 1484 aperto
1301 1438 1515 1484 ponerent,
1546 1446 1668 1484 quum
1700 1435 1789 1485 ipse

124 1505 262 1544 rhetor
300 1503 351 1542 ad
392 1503 524 1543 falsas
561 1504 678 1553 vulgi
719 1504 930 1553 opiniones
961 1505 1011 1542 de
1042 1515 1091 1542 se
1120 1514 1281 1552 suaque
1320 1504 1465 1542 schola
1496 1504 1790 1544 disturbandas

124 1573 358 1622 apologiam
388 1573 477 1621 „De
502 1571 840 1610 Permutatione·‘
869 1572 1107 1621 inscriptam
1137 1572 1261 1621 paulo
1292 1573 1385 1620 post
1414 1571 1587 1610 alteram
1616 1573 1789 1611 trierar-

126 1641 257 1680 chiam
290 1640 445 1680 ederet.
490 1640 583 1679 Lux
613 1650 714 1677 vero
745 1640 870 1691 longe
901 1641 1133 1679 clarissima
1162 1640 1388 1679 Isocrateis
1417 1638 1576 1679 affulsit
1604 1642 1682 1681 sub
1714 1654 1791 1680 ex-

124 1710 226 1748 itum
264 1708 478 1748 secundae
517 1707 668 1747 aetatis
711 1705 796 1757 (01.
838 1709 933 1757 107,
972 1706 1080 1757 ᾗ--Ξ
1118 1706 1228 1757 351)
1265 1708 1335 1747 ubi
1374 1707 1450 1748 flos
1489 1709 1607 1757 quasi
1645 1709 1789 1748 erudi-

125 1779 261 1816 torum
300 1776 488 1816 omnibus
526 1775 738 1815 literarum
782 1776 1007 1826 generibus
1058 1788 1113 1815 ex
1153 1778 1306 1816 cuncta
1343 1777 1523 1816 Graecia
1570 1778 1624 1816 ad
1660 1778 1790 1818 Mau-

125 1847 203 1886 soli
229 1847 351 1885 ludos
377 1845 575 1884 funebres
606 1845 878 1884 celebrandos
897 1846 1119 1888 concurrit.
1161 1846 1383 1885 Mausolus
1408 1845 1561 1885 Cariae
1584 1858 1659 1885 rex
1683 1859 1792 1885 mor-

126 1917 225 1955 tuus
265 1917 330 1953 est
366 1914 432 1956 Ol.
466 1914 560 1962 10⁷,
603 1914 712 1953 1—2
749 1912 838 1965 (sic
875 1915 981 1957 Plin.
1013 1915 1054 1956 h.
1086 1926 1126 1957 n.
1158 1916 1228 1963 36,
1259 1914 1341 1964 47;
1384 1915 1551 1957 Diodor.
1582 1916 1697 1963 xvi,
1735 1917 1790 1955 36

126 1984 233 2023 false
263 1983 317 2022 de
347 1983 412 2024 01.
436 1976 543 2030 x106,
574 1982 601 2020 4
631 1981 855 2033 cogitavit)
897 1984 1020 2021 cuius
1059 1984 1297 2032 sepulcrum
1328 1984 1595 2032 amplissimis
1626 1985 1792 2022 honori-

127 2053 206 2092 bus
235 2051 425 2100 ludisque
456 2050 681 2088 Artemisia
718 2061 835 2090 soror
873 2053 915 2090 et
943 2062 1050 2089 uxor
1079 2052 1198 2090 luctu
1235 2054 1278 2089 et
1306 2052 1514 2091 desiderio
1546 2052 1681 2091 mariti
1712 2051 1792 2091 fla-

128 2105 273 2171 grans‘
288 2120 500 2158 celebrare
530 2118 707 2159 instituit
745 2117 878 2170 (Gell.
908 2120 963 2162 N.
993 2122 1046 2161 A.
1078 2119 1133 2169 X,
1166 2117 1264 2169 18);
1301 2130 1430 2169 quare
1461 2120 1633 2170 optimos
1666 2133 1793 2170 quos-

129 2199 209 2239 que
241 2190 426 2226 oratores
455 2187 651 2237 praemiis
678 2189 901 2237 propositis
931 2189 1135 2238 evocavit,
1167 2188 1237 2237 qui
1267 2189 1521 2228 orationibus
1550 2189 1793 2229 funebribus

128 2257 305 2306 aliisque
334 2250 563 2304 litterarum
592 2256 702 2297 ludis
732 2257 967 2297 memoriam
997 2257 1109 2297 illius
1138 2258 1438 2307 praedicarent.
1498 2260 1601 2299 Tum
1639 2259 1792 2310 insigni

128 2313 373 2374 testimonio,
406 2336 487 2375 qua
517 2324 628 2364 fama
657 2327 939 2376 praestantiae
968 2328 1167 2367 Isocratei
1193 2329 1421 2376 uterentur,
1450 2328 1686 2368 luculenter
1717 2340 1793 2379 ap-

128 2395 280 2446 paruit,
311 2394 416 2445 quod
450 2406 567 2434 nemo
598 2394 679 2434 nisi
709 2396 948 2438 Isocrateus
977 2397 1030 2436 ad
1054 2396 1270 2447 singulare
1297 2400 1505 2436 certamen
1532 2398 1793 2439 descendere

129 2464 369 2504 conabatur.
419 2465 479 2502 De
510 2465 600 2504 istis
631 2467 770 2504 autem
799 2465 904 2504 viris
933 2466 1158 2515 scriptores
1188 2466 1359 2505 diversa
1389 2467 1640 2506 nunciarunt
1650 2479 1662 2517 ;
1692 2468 1793 2507 Sui-

129 2535 207 2572 das
231 2546 266 2574 s.
292 2543 363 2572 vv.
386 2524 638 2586 Ἰσοκράτης
657 2526 855 2584 Ἀμύκλα
880 2535 922 2573 et
942 2530 1201 2588 Θεοδέκτης,
1227 2545 1318 2573 eum
1335 2536 1628 2584 1'heodectem,
1655 2537 1795 2576 Theo-

128 2612 332 2653 pompum,
364 2601 633 2652 Naucratem,
664 2604 892 2642 Isocratem
922 2604 1226 2653 Apolloniatum
1259 2603 1446 2654 (minime
1471 2605 1794 2656 Atheniensem]

131 2673 316 2709 certasse
337 2670 400 2713 Ol.
426 2662 496 2725 ρξ’
527 2667 652 2722 (ηοω,
669 2671 733 2711 sic
753 2683 826 2722 pro
848 2666 920 2727 qy'
948 2670 1197 2724 legendum)
1229 2674 1374 2712 auctor
1400 2671 1538 2726 est.⁵)
1580 2675 1795 2714 Postremo

274 2772 310 2814 ⁸)
335 2778 450 2815 Quem
483 2773 755 2816 Apolloniatam
792 2777 942 2818 Taylor.
973 2777 1072 2810 lectt.
1105 2776 1253 2820 Lysiae.
1285 2778 1307 2810 3
1333 2787 1368 2819 p.
1402 2778 1495 2813 233,ο
1518 2776 1796 2814 Atheniensem,

131 2826 488 2865 Ruhnkenius‘hist.
523 2833 600 2865 crit.
632 2842 666 2875 p.
699 2833 743 2866 85
777 2834 812 2867 et
844 2834 984 2868 Clinton
1019 2831 1058 2868 F.
1092 2833 1136 2867 H.
1168 2844 1205 2877 p.
1238 2835 1306 2869 299
1333 2835 1551 2884 intelligunt.
1577 2836 1795 2871 insistentes
