1889 3015
923 106 981 152 59

121 257 212 298 Viri
244 253 354 296 docti
383 250 628 291 tribuerunt.
646 246 723 299 ⁵⁴)
767 249 824 298 Is,
853 257 880 286 a
910 246 1106 298 magistro
1136 247 1254 286 Zoilo
1283 245 1442 285 invidia
1477 244 1518 284 in
1551 246 1778 287 Isocrateo-

121 338 211 367 rum
251 320 546 374 praestantiam
583 318 803 368 percepta,
840 317 1145 366 Theopompum
1180 314 1421 354 historicum
1455 313 1779 355 inimicissimum

122 392 275 441 callida
304 390 464 430 ratione
493 386 570 427 sed
594 384 769 425 maxime
794 383 1002 424 invidiosa
1028 385 1155 433 ultus,
1183 384 1291 423 teste
1308 382 1440 423 Suida
1468 382 1616 423 librum
1636 385 1781 423 eontra

120 447 399 502 Athenienses
421 459 460 497 et
481 453 832 495 Lacedaemonios
852 453 1030 504 scripsit,
1058 454 1098 493 in
1121 463 1200 503 quo
1221 452 1361 492 stilum
1381 451 1627 491 maledicum
1645 453 1781 492 Theo-

119 528 254 580 pompi
276 527 460 570 imitatus
485 525 681 564 accurate
699 522 918 574 expressit,
941 525 981 563 et
1003 522 1234 562 adversarii
1256 522 1417 561 nomine
1436 520 1678 570 inscriptum
1705 532 1782 572 per

120 587 244 637 urbes
260 595 509 645 divulgavit,
539 592 649 631 unde
672 593 810 631 odium
834 593 1088 631 Graecorum
1113 592 1154 631 in
1176 593 1480 641 Theopompum
1505 590 1674 628 auctum
1701 592 1780 634 est.

258 656 372 704 Inter
394 661 764 702 Antisthenis
791 661 1061 700 Atheniensis
1085 661 1241 711 scripta
1269 671 1295 700 a
1323 661 1508 709 Diogene
1532 659 1604 707 VI,
1632 658 1684 699 15
1707 670 1780 699 re-

121 734 257 774 fertur·
280 725 525 786 Ἰσογραφή
564 725 593 785 ἢ
622 727 816 777 Λυσίας,
835 730 912 769 καῖ
939 722 1204 783 Ἰσοκράτης,
1240 724 1357 783 πρός
1392 724 1476 768 τόν
1503 721 1783 782 Ἰσοκράτους

119 794 394 856 α’μοῖρτυρον.
455 800 499 838 ln
542 800 677 855 ipsum
713 800 824 839 hune
860 799 1085 849 sophistam
1117 800 1159 838 et
1189 798 1281 838 eius
1312 798 1538 837 orationem
1568 797 1779 837 Isocrates

119 870 233 909 Viris
263 868 397 909 doctis
426 868 467 908 in
496 867 579 908 fine
608 867 853 919 panegyrici
882 869 949 909 sui
979 867 1009 916 §
1044 868 1126 907 188
1155 879 1216 916 sq.
1246 868 1385 906 invehi
1415 866 1535 906 visus
1567 868 1644 908 est.
1681 866 1781 905 Jam

116 939 170 980 Η.
180 935 360 976 Wolfius
376 937 418 975 in
435 937 613 975 editione
629 937 841 974 Isocraten
856 936 973 986 vidit,
988 931 1072 990 τήν
1087 928 1483 989 παρακαταθήκην
1498 931 1780 986 (10.1v,188)

118 1017 213 1045 esse
255 1005 481 1043 orationem
520 1004 622 1043 xxl
659 998 773 1058 πρὸς
801 997 1045 1044 Εὐθύνοον
1073 1005 1337 1058 inscriptam3
1377 1006 1419 1042 et
1447 1003 1486 1044 si
1515 992 1671 1043 Noster
1705 1013 1779 1042 so-

117 1073 279 1124 phistas
309 1073 517 1123 admonet,
546 1074 594 1112 ut
621 1074 746 1125 nugis
776 1074 942 1127 ceteris,
982 1084 1085 1123 quas
1114 1074 1157 1112 in
1187 1073 1301 1112 illam
1330 1072 1639 1113 accusationem
1675 1082 1779 1111 con-

118 1142 303 1192 tulerint,
335 1131 509 1191 omissis,
550 1140 593 1180 in
621 1137 876 1195 panegy‘rieo
905 1145 1149 1193 argumento
1179 1143 1316 1192 potius
1345 1142 1564 1181 tractando
1593 1141 1701 1181 inter
1728 1152 1778 1182 se

107 1213 292 1261 mertem,
309 1212 389 1250 iam
404 1211 498 1251 inde
513 1212 715 1261 sequitur,
732 1212 1019 1252 Antisthenem
1036 1212 1113 1253 illo,
1126 1212 1226 1251 libro
1241 1214 1454 1251 Isocrateo
1473 1209 1684 1251 scribendi
1697 1222 1778 1261 ge-

117 1281 208 1320 neri
232 1280 500 1321 obtrectasse.
531 1281 703 1320 Praeter
722 1281 833 1320 hunc
854 1280 1037 1330 Gorgiae
1053 1280 1299 1331 discipulum
1316 1282 1358 1320 et
1378 1282 1627 1320 sectatorem
1648 1279 1778 1319 alium

116 1348 346 1389 studiorum
369 1348 543 1399 socium,
569 1342 899 1388 Alcidamantem
929 1349 1136 1390 Isocrates
1163 1349 1451 1388 adversarium
1472 1350 1623 1388 nactus
1652 1350 1733 1392 est.

256 1416 571 1458 Alcidamas
613 1417 775 1458 Elaites
812 1416 1001 1469 (minime
1040 1418 1232 1467 Eleates,
1281 1418 1498 1469 Spalding.
1538 1417 1593 1456 ad
1634 1416 1777 1465 Quint.

118 1486 196 1529 ΙΙΙ.
229 1487 266 1535 1,
300 1482 379 1537 10)
409 1483 793 1537 apudDionysiurn
821 1487 913 1529 Hal.
942 1489 999 1530 Is.
1033 1489 1099 1534 19,
1133 1487 1242 1527 inter
1271 1499 1342 1527 eos
1380 1489 1636 1535 numeratur,
1673 1497 1777 1537 quos

118 1556 329 1595 Isocrates
367 1555 533 1596 sublimi
571 1555 641 1595 illo
680 1557 721 1595 et
759 1558 905 1595 ornato
939 1556 1105 1595 dicendi
1140 1567 1297 1607 genere
1333 1553 1660 1607 superavit.⁵⁶)
1732 1557 1777 1597 Is

118 1624 364 1664 Alcidamas
404 1624 604 1665 Isocratis
640 1624 728 1664 fere
766 1624 971 1675 aequalis,
992 1624 1067 1674 ⁵⁶)
1121 1636 1220 1665 cum
1254 1637 1304 1664 eo
1341 1625 1577 1665 inimicitias
1617 1625 1776 1674 habuit,

117 1694 228 1732 teste
266 1683 419 1731 'r‘zetze
461 1691 567 1733 chii.
596 1692 671 1742 Χι,
702 1692 789 1732 6⁷2
828 1690 908 1744 (cf.
939 1694 1144 1744 Spengel·
1169 1693 1300 1744 praef.
1330 1705 1370 1744 p.
1400 1694 1544 1734 xx1v
1577 1696 1620 1733 et
1651 1691 1777 1744 1⁷4).

117 1761 305 1801 Alteram
335 1761 675 1800 declamationem
711 1761 818 1815 περὶ
845 1758 1074 1817 σοφιστῶν
1111 1762 1352 1813 inscriptam
1387 1763 1639 1813 Spengellus
1675 1763 1703 1804 l.
1735 1773 1775 1804 e.

115 1840 155 1879 p.
189 1828 414 1869 173-180
444 1829 486 1867 in
516 1828 742 1869 Isocratem
772 1840 1017 1871 conversam
1047 1832 1178 1882 putat.
1226 1832 1296 1871 Ad
1323 1831 1624 1872 aestimandam
1653 1831 1775 1872 Alci-

116 1898 323 1940 damantis
351 1900 482 1938 artem
511 1900 679 1948 praeter
707 1898 880 1942 Aristot.
917 1903 995 1943 art.
1026 1902 1100 1951 Ill,
1132 1903 1172 1951 3,
1202 1901 1272 1951 qui
1308 1895 1365 1941 τὰ
1383 1896 1561 1956 μψυχροὶ
1588 1901 1680 1942 eius
1709 1901 1775 1941 vi-

115 1967 295 2016 tuperat,
334 1966 556 2005 Menandri
593 1967 793 2008 iudicium
830 1969 958 2019 valet,
990 1970 1112 2019 quod'
1135 1968 1266 2025 (περὶ
1294 1964 1602 2010 ἐπιδεικτικῶν
1631 1971 1703 2020 lx,
1732 1980 1774 2020 p.

119 2035 200 2078 1⁶3
230 2030 395 2093 Walz.)
424 2038 682 2087 argumenta,
712 2036 863 2086 quibus
891 2037 962 2077 ille
1001 2038 1052 2077 ad
1083 2033 1279 2090 ἐγκώμια
1316 2039 1539 2079 scribenda
1568 2049 1674 2079 usus
1702 2038 1773 2089 sit,

113 2097 358 2158 παράδοξα
392 2105 586 2154 appellat,
614 2107 830 2155 postquam
860 2107 1057 2146 Isocratis
1093 2108 1135 2146 et.
1153 2107 1353 2147 Aristidis
1378 2110 1628 2159 >argumenta
1659 2110 1773 2149 Pau-

113 2172 423 2218 athenaicorum
454 2165 690 2227 ἆμφίδοξα
719 2176 901 2217 vocavit.
937 2198 989 2205 —

260 2296 319 2340 ⁶⁴)
344 2299 390 2330 ef.
414 2298 682 2333 Westermann.
704 2298 789 2334 hist.
813 2299 933 2343 eloqu.
957 2299 980 2342 s
1005 2301 1063 2336 09.
1110 2299 1282 2346 Spengel.
1306 2308 1433 2348 συναγ.
1456 2310 1557 2348 τεχν.
1582 2303 1650 2339 182
1674 2303 1770 2337 etin

115 2354 275 2389 editione
297 2355 401 2389 artis.
437 2356 604 2390 Mueller.
627 2357 665 2390 in
690 2366 762 2390 οη.
786 2358 849 2391 att.
872 2357 918 2398 Π,
941 2359 1020 2394 449.

259 2410 321 2454 ⁸⁵)
344 2408 635 2458 ,Ἆλκιδαμανῐα
666 2409 709 2446 δὲ
732 2411 799 2446 ‘niv
822 2410 1006 2457 οἳκονστην
1037 2412 1155 2449 avitae
1184 2415 1257 2459 (sc.
1281 2416 1393 2464 Γοργι
1379 2426 1438 2450 ιου
1462 2427 1498 2451 v.
1522 2416 1623 2450 Suid.
1648 2428 1680 2452 s.
1704 2416 1770 2460 v.).

114 2464 367 2514 παχύτερονο
348 2465 439 2502 ”ντα
457 2466 525 2512 τήν
539 2466 637 2508 λέξιν
657 2466 720 2503 και
706 2468 950 2519 ικοινότερον
978 2470 1224 2518 (pinguiorem
1246 2474 1283 2507 in
1300 2477 1464 2509 oratione
1489 2474 1526 2509 et
1544 2472 1769 2516 trivialem)“

115 2526 163 2559 cf.
187 2525 293 2559 Ballu
317 2524 347 2566 Ι,
371 2527 439 2562 109
463 2537 544 2571 sqq.
574 2528 730 2563 Becker.
758 2530 798 2563 in
820 2529 949 2564 Ersch.
979 2531 1016 2564 et
1041 2530 1112 2564 Gru
1116 2532 1195 2565 beri
1219 2532 1517 2576 Encyclopaedia
1539 2531 1604 2573 111,
1627 2542 1663 2575 p.
1689 2532 1770 2566 144.

114 2580 215 2618 Suid.
241 2593 272 2618 s.
295 2593 332 2620 v.
364 2583 526 2618 Eudocia
551 2586 628 2620 100.

256 2639 270 2661 ⁵
278 2639 315 2685 ο)
339 2639 494 2677 Tzetzes
528 2643 620 2678 Chil.
651 2644 716 2685 XI,
741 2645 859 2679 7460
849 2639 1113 2692 Ἀλκιδαμας
1143 2643 1307 2694 ἔγραψεν
1338 2644 1524 2696 ἐγκώμιον
1554 2643 1721 2684 θανάτου
1746 2642 1769 2680 δ

112 2691 213 2731 'ulai'
200 2702 276 2741 ι’της
299 2693 510 2747 σῦγχρονος
535 2696 723 2748 υπάρχων
745 2699 983 2748 Ἰσοκράτους.
