1889 3015
939 28 1002 72 28

125 181 165 220 p.
197 170 283 210 389
315 170 387 212 W.
424 169 647 220 Perspexit
686 169 787 209 illud
819 172 1106 222 Maetznerus,
1146 180 1394 220 quamquam
1424 171 1466 211 in
1508 171 1801 212 commentario

125 249 205 278 suo
239 238 424 289 Lycurgi
453 239 549 288 plus
581 248 703 287 quam
735 239 875 278 debuit
905 238 958 278 ad
990 239 1217 278 Isocratem
1246 238 1403 280 retulit.

265 307 383 349 xm.
439 302 649 360 Hyperides
690 306 959 357 Collytensis‚
997 310 1137 347 orator
1167 306 1425 348 clarissimus
1455 310 1499 348 et
1529 309 1798 359 demagogns.

126 375 345 415 Ciceronis
376 353 544 427 (ᾱῗῗῖ.
576 377 629 426 11,
659 375 740 426 23)
780 376 980 415 iudicium
1010 387 1090 415 non
1123 376 1205 415 nisi
1243 377 1296 416 de
1334 375 1558 417 imitatione
1599 375 1800 418 Isocratis

124 445 219 485 acci
250 444 429 487 iendum.
476 445 548 488 Ps.
571 445 681 487 Plut.
703 455 744 494 p.
766 444 852 484 837
873 446 909 484 D
935 445 1234 485 institutionem
1257 456 1345 485 eam
1363 445 1638 496 addubitavit,
1668 447 1800 487 idem·

125 523 204 562 que
236 524 277 562 p.
307 512 395 553 848
426 515 462 552 D
495 512 772 553 confidentius
802 503 1029 567 άκροατής
1060 509 1111 552 δὲ
1139 509 1386 561 Πλάτωνος
1416 512 1497 565 (cf.
1517 514 1635 564 Πίος.
1658 516 1801 565 1,.111,

123 581 201 632 46)
232 575 471 633 γενόμενος
497 578 581 622 τοῦ
611 575 870 636 φιλοσόφου
899 577 1001 633 ἄμα
1027 578 1273 639 Λυκούργῳ
1304 582 1423 635 (nam
1453 584 1516 623 sic
1543 594 1616 633 pro
1647 583 1797 624 vitioso

122 650 313 700 genitivo
344 651 386 688 in
424 638 475 689 o—v
508 650 683 690 cadente
716 650 982 690 scribendum
1013 662 1163 691 censes
1203 663 1333 702 quare
1355 653 1664 694 Wcstermann.
1693 651 1799 690 false

123 721 176 759 de
209 719 411 770 magistro
444 721 641 770 Lycurgo
674 720 879 770 cogitavit
909 720 949 761 h.
981 720 1117 770 eloqu.
1150 720 1180 769 S
1206 719 1286 771 60)
1317 721 1396 759 καὶ
1412 714 1693 775 Ἰσοκράτους
1719 716 1801 760 τοῦ

123 783 311 843 ῥήτορος
341 789 452 838 quod
482 788 632 827 iisdem
662 788 753 827 fere
782 788 924 828 verbis
954 789 1109 828 Suidas
1135 799 1296 838 quoque
1326 800 1361 831 s.
1383 799 1424 830 v,
1447 790 1490 827 et
1517 790 1636 832 Phot.
1659 800 1696 831 c.
1714 790 1798 829 266

121 857 326 898 servavit.
366 857 550 897 Accedit
569 856 726 896 Zosimi
753 857 864 895 haud
890 858 1170 906 spernendum
1194 856 1471 903 testimonium
1494 867 1534 906 p.
1550 857 1626 899 xl.
1651 856 1798 899 Dium:

125 921 228 975 ἔσχε
259 920 310 963 δὲ
338 919 555 978 μαθητάς
582 935 644 967 sc.
680 917 948 980 Ἰσοκράτης)
982 919 1261 981 Ὑπερείδην,
1294 918 1478 975 Ἰσαῖον,
1518 921 1795 977 Λυκοῦργον,

120 991 285 1039 οἵτινές
314 991 400 1031 εἰσι
410 989 500 1031 τῶν
520 986 549 1031 ι’
572 987 772 1047 ῥητόρων
792 990 883 1033 τῶν
907 992 1162 1047 κριθέντων
1182 1006 1231 1033 τε
1249 994 1325 1032 καὶ
1351 987 1794 1046 οῗναγινωσκομένων,

122 1065 164 1101 et
195 1062 474 1101 Philostratus
503 1060 546 1101 in
576 1062 650 1104 vit.
680 1062 797 1112 soph.
830 1063 861 1111 1,
897 1063 964 1112 1⁷,
994 1062 1022 1102 4
1055 1073 1146 1103 eum
1177 1055 1535 1114 ἕλλογιμῶτατον
1570 1054 1799 1118 οἷκροατῆν

119 1130 362 1180 appellavit.
434 1131 649 1170 Postremo
690 1130 940 1180 Hermippus
980 1142 1074 1170 eum
1114 1131 1222 1170 inter
1250 1131 1491 1171 Isocrateos
1520 1131 1686 1181 retulit,
1711 1131 1798 1181 ‚qui

120 1201 230 1240 teste
272 1199 493 1238 Athenaeo
533 1199 648 1248 vm,
688 1209 727 1248 p.
759 1197 845 1238 342
877 1199 911 1239 C
951 1200 992 1239 in
1029 1198 1150 1239 tertio
1186 1199 1290 1238 libro
1329 1199 1464 1249 operis
1503 1199 1556 1239 de
1596 1194 1796 1239 Isocratis

121 1269 362 1318 discipulis:
393 1262 594 1308 ἑωθινὸν
621 1263 705 1308 τὸν
728 1260 979 1322 Ὑπερίδην
1007 1259 1251 1309 ποιεῖσθαι
1277 1264 1362 1309 νῦν
1388 1263 1492 1315 τούς
1519 1262 1799 1323 περιπάτους

120 1333 173 1376 ἓν
199 1340 294 1382 τοῖς
324 1331 514 1387 ἰχθύσιν
544 1334 626 1387 (cf.
656 1337 727 1378 Ps.
757 1337 822 1377 Pl.
852 1337 936 1376 849
970 1335 1044 1387 D),
1074 1337 1103 1379 i.
1136 1348 1173 1378 e.
1205 1337 1246 1375 in
1278 1336 1367 1376 toro
1390 1338 1596 1387 piscari03
1628 1347 1721 1375 nam
1751 1339 1798 1374 ut

120 1406 251 1445 rebus
281 1406 496 1445 amatoriis
526 1406 591 1445 sic
622 1405 890 1455 cupediorum
923 1408 965 1445 et
992 1405 1271 1445 heluationum
1301 1406 1453 1446 studiis
1482 1405 1697 1455 ligurritor
1726 1405 1797 1443 ille

121 1474 292 1513 deditus
324 1474 445 1513 etiam
479 1473 651 1512 comicis
680 1474 860 1513 ludibrio
891 1476 994 1517 erat.
1049 1474 1233 1513 Primum
1264 1474 1429 1524 quidem
1460 1475 1511 1513 ab
1542 1473 1797 1513 orationibus

119 1555 194 1594 pro
224 1543 319 1600 aliis
349 1542 543 1583 mercede
572 1543 805 1583 scribendis
836 1544 992 1584 victum
1027 1554 1151 1583 suum
1182 1543 1295 1593 cepit
1324 1542 1420 1594 [Pe.
1451 1543 1575 1585 mut:
1604 1542 1689 1582 848
1720 1540 1796 1592 E),

119 1615 209 1652 tum
240 1612 293 1650 ad
324 1611 622 1661 rempublicam
659 1612 777 1651 aditu
811 1615 956 1662 aperto
993 1622 1171 1663 magnus
1208 1611 1491 1653 Macedonum
1526 1611 1796 1653 adversarius

119 1681 389 1722 Demostheni
418 1680 580 1721 amicus
612 1680 783 1722 exstitit.
800 1678 877 1731 ²⁰)

264 1861 326 1904 ²⁰)
354 1862 419 1895 Hic
445 1862 701 1905 Lozynskium
729 1863 1007 1903 reprehendam,
1039 1863 1099 1905 qui
1124 1870 1301 1903 perverse
1325 1860 1552 1904 Hyperidem
1577 1862 1794 1896 Demosthe·

121 1922 181 1955 nis
205 1919 411 1953 auditorem
437 1919 586 1952 vocavit
610 1915 824 1960 (Hermippi
841 1919 950 1962 frgm.
976 1928 1012 1960 p.
1037 1917 1100 1959 43)
1126 1918 1305 1955 insistens
1330 1918 1413 1951 loco
1434 1917 1673 1952 Ciceroniano
1692 1918 1792 1953 Brut.

121 1987 153 2011 c.
177 1978 219 2011 9:
254 1976 521 2017 „Demostheni
553 1973 763 2016 Hyperides
797 1974 1022 2016 proximus‘,
1056 1974 1153 2018 quod
1185 1975 1237 2008 nil
1272 1975 1372 2008 aliud
1402 1974 1474 2008 hoc
1506 1975 1591 2008 loco
1617 1976 1793 2021 suanngi

119 2035 246 2076 potest
277 2042 397 2076 qnam.
431 2031 660 2074 Hyperidem
691 2033 856 2073 proxime
888 2032 935 2064 ad
968 2031 1231 2066 Demosthenis
1262 2033 1527 2074 praestantiam
1560 2034 1795 2072 accessisse;

121 2092 167 2123 de
193 2092 305 2123 nimia
329 2090 437 2122 laude
463 2091 544 2122 eius
570 2089 616 2122 cf.
639 2088 703 2122 Ps.
728 2088 783 2121 Pl.
807 2099 843 2131 p.
869 2090 938 2123 849
963 2090 995 2122 D
1022 2090 1058 2123 et
1083 2089 1188 2122 Phot.
1214 2089 1239 2122 1.
1264 2100 1294 2122 c.
1343 2087 1423 2122 Vim
1448 2090 1644 2123 oratoriam
1672 2090 1707 2123 et
1758 2097 1794 2121 c·

120 2144 852 2203 Qgefflrgti-ggjghgefer.
876 2146 981 2180 Dem.
1007 2145 1145 2198 ἷξε-,306
1170 2155 1249 2190 sqq.
1269 2130 1497 2192 aeffiit.

262 2203 383 2237 Patris
417 2203 586 2244 exemplo
621 2203 657 2235 et
692 2201 921 2235 institutione
947 2192 1260 2236 rhetoric‘2‘2”‘ffiius
1298 2202 1595 2245 Glaucippus
1629 2203 1793 2238 eruditus

120 2269 208 2295 esse
233 2261 390 2298 videtur,
429 2261 487 2304 qui
515 2259 735 2292 rhetoricam
760 2259 875 2291 artem
903 2259 1079 2292 mediocri
1115 2268 1295 2293 successu
1319 2260 1578 2302 profitebaturz
1615 2258 1676 2294 Ps.
1702 2259 1795 2293 Plnt.

119 2319 189 2352 848
222 2318 253 2350 D
278 2314 366 2362 ἔσχε
392 2314 435 2351 δὲ
458 2314 542 2350 υἱόν
566 2311 776 2360 ὅμώνυμον
808 2316 861 2362 τῷ
884 2314 997 2364 πατρὶ
1032 2316 1076 2358 (i.
1111 2327 1142 2351 e.
1173 2315 1263 2358 avo)
1291 2314 1539 2358 Γλαύκιππον,
1572 2313 1710 2361 ῥήτορα
1733 2312 1797 2348 καὶ

119 2371 254 2419 λόγους
278 2372 564 2420 συγγράψαντα,
595 2374 656 2416 qui
698 2381 787 2406 ossa
819 2375 936 2414 patris
972 2384 1005 2406 a.
1030 2375 1100 2407 322
1123 2374 1331 2415 interempti
1354 2375 1393 2406 in
1415 2374 1536 2415 patrio
1561 2375 1795 2407 monumento

120 2432 304 2474 sepelivit.
330 2430 418 2463 Suid
443 2439 473 2463 s.
504 2426 626 2476 Ὑπερ.
652 2431 698 2463 cf.
722 2428 786 2463 Ps.
811 2429 866 2463 Pl.
890 2431 959 2465 849
985 2431 1022 2465 C.
1070 2430 1208 2466 Mentio
1240 2432 1320 2464 eius
1358 2431 1400 2464 fit
1432 2430 1527 2471 apud
1567 2429 1660 2464 Plut.
1686 2429 1799 2464 Phoc.

120 2491 153 2522 4.
179 2490 223 2521 cf.
249 2488 385 2521 Athen.
410 2488 499 2521 XIII
521 2499 558 2530 p.
582 2488 652 2521 590
676 2487 714 2521 C.
739 2488 846 2521 Phot.
872 2488 895 2521 l.
919 2489 943 2520 1.

262 2546 291 2579 E
304 2545 464 2579 uthias
484 2544 735 2582 Atheniensis,
754 2543 927 2588 Phrynes
945 2546 1153 2584 accusator,
1170 2544 1379 2579 Isocrateus
1398 2552 1471 2578 non
1489 2546 1558 2583 est.
1576 2553 1794 2589 quamquam

119 2603 322 2647 Hermippo
344 2606 382 2638 in
406 2603 675 2638 Isocratem-um
706 2603 813 2637 libris
848 2604 1202 2638 commemorabatur
1226 2600 1379 2644 (Athen.
1405 2601 1506 2643 xm,
1531 2603 1600 2637 590
1630 2603 1676 2637 1).
1702 2602 1795 2642 VIII,

120 2661 193 2696 ³42
217 2660 254 2693 C.
282 2662 327 2694 ef.
352 2660 529 2705 Harpocr.
556 2670 588 2694 s.
605 2670 639 2693 v.
664 2655 810 2697 Εὐθίας
835 2662 871 2694 et
894 2661 1087 2704 Lozynski
1111 2660 1219 2705 frgm.
1245 2659 1321 2703 ⁷2).
1370 2660 1509 2694 Auctor
1525 2660 1636 2698 enim,
1660 2660 1723 2692 ubi
1748 2661 1795 2701 >de

125 2718 317 2766 Hyperide
341 2718 568 2763 loquebatur,
594 2719 796 2753 meretricis
821 2718 921 2753 illius
946 2718 1212 2761 pulcherrimae
1238 2718 1461 2753 mentionem'
1484 2717 1643 2751 faciebat
1669 2719 1704 2751 et
1720 2717 1792 2751 Eu-

120 2775 231 2817 thiae‚
250 2776 317 2822 ‘qni
336 2785 417 2810 eam
434 2776 634 2818 impietatis
660 2785 758 2809 ream
783 2778 907 2820 itaque
932 2778 1054 2819 ipsum
1084 2774 1315 2820 Hyperidem
1339 2778 1377 2810 in
1402 2776 1458 2810 ius
1478 2775 1648 2809 vocatum
1674 2775 1792 2809 reddi·
