1889 3015
925 46 982 91 58

120 198 162 238 p.
194 186 281 228 75⁷
311 184 390 237 R).
451 185 566 226 Idem
597 186 908 236 Cephisodotus
938 188 1182 239 magistrum
1216 189 1446 231 Isocratem
1484 191 1628 233 contra
1657 189 1786 231 Ari-

118 255 335 298 stotelis
364 254 537 295 iniurias
567 248 873 311 ἀντιγραφαῖς
902 257 993 302 suis
1021 252 1140 311 προς
1156 249 1437 312 Ἀριστοτέλη
1468 258 1550 310 (cf.
1569 259 1647 301 sub
1673 270 1783 302 num.

119 322 263 373 XXI).
324 325 516 373 Denique
546 325 887 365 Dioscorides
916 325 958 364 in
987 326 1316 366 memorabilibus
1342 327 1431 366 suis
1462 325 1642 378 (Athen.
1662 328 1724 368 XI
1743 339 1785 378 p.

119 393 206 432 5⁰7
232 390 294 442 D)
319 393 538 443 opprobria
562 393 605 432 in
622 394 836 433 Platonem
863 394 1044 433 coniecit
1067 393 1147 445 (ef.
1172 396 1302 436 Isocr.
1328 395 1467 445 Apoll.
1489 408 1524 438 s.
1545 408 1583 439 n.
1601 395 1787 448 xxlv).

121 462 286 511 Quibus
317 473 372 500 ex
401 461 594 502 inanibus
622 462 980 504 criminationibus
1010 461 1299 515 proficiscitur,
1335 463 1572 507 inimicitias
1601 455 1785 506 summas

119 531 228 570 inter
268 532 486 571 Platonem
527 533 571 571 et
607 533 874 573 academicos
912 534 955 573 et
992 532 1299 583 Peripateticos
1336 535 1378 574 et
1413 535 1521 574 inter
1548 534 1786 575 Isocrateos

118 600 350 641 exstitisse.

258 670 353 710 Nec
391 660 526 719 'magis
562 668 896 721 philosophorum
936 682 1057 721 quam
1084 672 1359 722 sophistarum
1396 671 1580 712 invidiae
1609 673 1785 717 Isocrati

120 749 248 778 curae
283 740 416 780 erant.
463 739 616 777 Eorum
650 736 756 779 enim'
777 740 893 779 multi
921 739 1054 790 fuere,
1088 741 1158 790 qui
1186 749 1404 791 pugnaces
1435 743 1473 779 et
1505 741 1621 790 quasi
1653 742 1785 781 bella-

117 808 213 847 torii
245 808 288 847 in
320 818 472 847 novum
504 808 691 847 Atticum
720 808 839 849 sidus
879 809 981 848 artis
1010 809 1263 859 sophisticae
1294 809 1567 859 exstiteruut3
1611 814 1785 860 quorum

118 876 361 916 nobilissimi
393 878 637 925 Polycrates
674 877 850 927 eiusque
889 878 1057 920 auditor
1095 878 1239 919 Zoilus
1269 881 1387 918 erant
1428 880 1470 918 et
1497 869 1623 920 huius
1654 879 1784 919 disci-

118 947 244 995 pulus
276 945 561 986 Anaximenes
596 946 931 997 Lampsacensis,
969 947 1180 987 accedunt
1208 947 1506 987 Anthisthenes
1538 950 1578 986 et
1609 940 1783 987 Alcida-

118 1025 207 1054 mas
237 1015 413 1057 Elaites.
1566 1060 1575 1067 „
1737 1051 1739 1056 ,

258 1086 481 1131 Isocrates,
514 1094 636 1134 quum
667 1083 842 1134 primum
874 1085 1052 1124 Athenis
1081 1086 1266 1124 scholam
1291 1084 1466 1135 aperuit,
1496 1085 1785 1134 sophistarum

116 1164 320 1204 perversa
357 1154 584 1203 praecepta
623 1153 791 1204 scriptis
829 1153 921 1194 suis
959 1154 1103 1204 illusit,
1150 1155 1400 1204 melioraque
1447 1166 1495 1193 se
1536 1154 1783 1195 traditurum

115 1222 335 1273 professus
365 1222 520 1261 civium
551 1223 694 1261 oculos
724 1222 776 1260 ad
808 1233 959 1262 novam
989 1222 1209 1262 oratoriam
1250 1223 1506 1272 disciplinam
1538 1209 1789 1262 convertere‘

116 1291 262 1333 voluit.
303 1291 538 1340 Orationes,
570 1302 678 1340 quae
705 1290 749 1330 in
776 1291 1010 1341 sophistas,
1041 1291 1215 1341 Helena,
1246 1293 1420 1341 Busiris,
1439 1291 1785 1341 Panathenaicus,

117 1360 167 1399 de
206 1360 531 1410 permutatione
555 1359 781 1416 inscriptae
823 1362 944 1409 sunt,
980 1360 1144 1399 abunde
1189 1362 1256 1400 sat
1302 1359 1537 1406 ostendunt,
1586 1360 1782 1407 quantum

114 1430 316 1469 Isocratis
349 1431 389 1468 et
420 1430 654 1468 ceterorum
685 1429 975 1478 Sophistarum
999 1429 1233 1470 sententiae
1257 1428 1364 1468 inter
1392 1439 1440 1469 se
1464 1427 1784 1478 discrepuerint,

116 1510 198 1538 nec
228 1500 391 1538 nosmet
420 1498 498 1548 ipsi
529 1509 610 1537 non
640 1508 766 1547 supra
798 1498 1029 1542 docuimus.

256 1570 308 1607 Et
349 1567 521 1618 primum
569 1567 733 1616 quidem
771 1567 814 1606 in
853 1568 1201 1617 Polycratem
1243 1568 1366 1607 valde
1404 1565 1629 1615 invehitur,
1662 1576 1781 1616 quem

118 1638 284 1675 constat
316 1636 471 1685 Gorgia
509 1632 631 1674 etiam
664 1636 762 1674 vivo
795 1636 970 1676 Athenis
1000 1639 1224 1687 praecepta
1255 1637 1514 1685 eloquentiae
1545 1635 1783 1693 tradidisse.

118 1705 306 1756 Improba
344 1705 530 1755 viliaque
571 1704 663 1744 eius
703 1705 952 1756 argumenta
999 1708 1040 1746 et
1076 1706 1165 1745 sine
1204 1706 1289 1746 ulla
1337 1705 1567 1752 orationum
1612 1704 1782 1755 generis

120 1774 357 1824 cognitione
386 1775 568 1813 tractata
597 1775 805 1821 notantur,
842 1773 989 1822 quibus
1020 1774 1280 1824 eloquentiae
1311 1774 1400 1814 arti
1433 1773 1591 1812 invidia
1621 1772 1783 1811 odium-

116 1854 195 1894 que
236 1843 433 1882 bonorum
471 1840 716 1884 conflentur.
778 1842 835 1880 Et
873 1844 963 1884 erat
997 1843 1182 1893 sophista
1228 1843 1265 1883 is
1304 1842 1524 1881 admodum
1564 1840 1784 1881 mediocris

115 1922 255 1961 neque
297 1911 542 1952 elocutionis
579 1911 804 1950 virtutibus
844 1922 925 1951 nec
961 1912 1182 1960 gravitatis
1223 1914 1263 1951 et
1312 1910 1545 1951 venustatis
1591 1910 1785 1949 laudibus

115 1980 382 2031 conspicuus,
413 1981 521 2021 teste
554 1979 672 2022 Dion.
705 1980 743 2018 V
773 1991 811 2029 p.
845 1980 941 2035 627.
975 1980 1029 2023 cf.
1051 1981 1206 2031 Saupp.
1235 1980 1284 2021 0.
1307 1982 1358 2023 Α.
1419 1980 1511 2028 Qua
1540 1978 1783 2017 rationead

114 2050 323 2100 vituperia
353 2050 550 2089 Isocratis
585 2049 857 2099 responderit,
895 2050 1118 2089 memoriae
1147 2061 1229 2089 non
1266 2049 1460 2088 traditum
1508 2051 1591 2097 est«,
1639 2057 1782 2097 quam·

114 2130 237 2169 quam
270 2119 324 2157 ad
356 2118 647 2168 magistrorum
676 2117 895 2157 dissidium
925 2118 1102 2167 impetus
1132 2118 1239 2158 Zoili
1270 2117 1496 2158 retulerim.

254 2188 449 2227 Zoilus
491 2187 784 2236 Amphipolim,
827 2187 1088 2235 Polycratem
1127 2187 1362 2238 Sophistam
1400 2186 1562 2226 audivit
1592 2184 1783 2236 (Aeliani.

114 2259 189 2304 XI,
235 2256 339 2306 10);
381 2248 718 2309 Ὅμηρομοέστιξ
756 2254 899 2305 (Suid.
942 2268 976 2298 s.
1019 2253 1100 2305 v.)
1126 2259 1168 2295 et
1205 2250 1337 2296 Κύων
1373 2248 1604 2309 ῥητορικός
1642 2250 1784 2304 (Ael.)

113 2329 306 2375 vocatus,
344 2324 588 2374 turpissima
629 2324 811 2375 corporis
852 2323 984 2364 forma
1023 2327 1065 2364 et
1105 2324 1274 2376 linguae
1312 2324 1459 2375 grandi
1493 2322 1784 2363 maledicentia

113 2398 222 2442 erat,
253 2395 293 2433 is
323 2406 349 2433 a
378 2394 578 2444 magistro
617 2404 693 2432 suo
734 2393 869 2432 odium
902 2395 1105 2442 quoddam
1145 2394 1187 2432 in
1218 2395 1442 2433 Isocratem
1477 2404 1553 2442 per
1582 2391 1784 2430 heridita-

116 2467 200 2503 tem
241 2463 362 2513 qnasi
401 2453 606 2512 accepit,
643 2472 773 2512 quare
811 2462 960 2502 librum
997 2475 1114 2503 κατα
1153 2454 1430 2518 Ἰσοκράτους
1473 2455 1556 2501 τοῦ
1600 2453 1786 2515 ῥήτορος

112 2531 287 2583 (said.)
321 2532 547 2581 scripsisse
578 2530 725 2572 fertur.
757 2553 814 2561 -—

253 2602 358 2641 Eius
398 2600 634 2650 discipulus
670 2600 1035 2642 Anaximenes
1082 2575 1412 2651 Lampsacensis‚
1450 2596 1683 2641 Alexandri
1720 2597 1782 2640 M.

110 2674 363 2722 praeceptor
392 2669 537 2721 (Suid.
568 2682 604 2711 s.
626 2681 667 2711 v.
697 2662 889 2720 'Avagffl
919 2682 1053 2720 neque
1084 2672 1306 2710 historicus
1336 2669 1565 2711 tolerabilis
1589 2677 1669 2706 nec
1688 2668 1786 2709 rhe-
1851 2678 1854 2679 ’

113 2743 180 2780 tor
218 2739 457 2788 laudabilis,
496 2739 572 2779 sed
612 2731 812 2794 ασθενῆς
849 2740 926 2780 καὶ
965 2733 1199 2788 απίθανος
1237 2738 1383 2792 (Dion.
1421 2749 1461 2788 p.
1494 2733 1616 2786 ⁶26).
1677 2726 1795 2776 Hulc'

112 2813 244 2852 artem
284 2809 553 2859 rhetoricam,
604 2820 710 2860 qnae
752 2810 993 2853 AristoteHs
1047 2811 1099 2851 ad
1148 2809 1439 2851 Alexandrum
1479 2807 1620 2848 haberi
1665 2807 1787 2856 solet,

1520 2988 1525 2995 ,
1760 2977 1767 2989 o
1824 2999 1827 3001 .
1863 2989 1865 2991 .
