1889 3015
903 46 973 90 30*

94 185 179 224 tem
209 183 369 233 Philae,
399 184 530 235 patris
561 185 680 225 modo
711 186 862 225 mortui
893 187 1165 236 concubinae,
1195 191 1439 239 aegrotasse
1471 194 1624 235 narrat.
1681 193 1767 232 Pa-

95 254 163 292 ter
191 253 439 293 Alexander
467 257 506 295 c.
538 253 602 296 01.
634 254 807 296 81—82
838 255 937 294 obiit
967 254 1049 307 (of.
1081 255 1206 299 cnut.
1235 266 1277 307 ρ.
1307 257 1434 308 238),
1469 259 1664 311 filiusque
1690 262 1768 301 ac·

95 332 175 371 ger
212 323 509 371 Hippocratem
545 324 783 372 arcessivit,
815 324 935 363 cuius
964 323 1076 364 fama
1105 327 1192 367 tum
1221 326 1303 366 iam
1343 329 1655 375 percrebuerat.
1712 331 1770 379 le,

98 400 231 429 causa
262 391 390 429 morbi
422 392 653 442 explorata,
683 393 843 432 Philam
883 393 1060 436 amicam
1104 393 1158 433 ad
1188 393 1433 435 Perdiccam
1473 396 1663 439 admovit
1700 411 1770 439 re-

97 469 277 508 gemque
302 461 486 502 sanavit.
516 463 610 500 Hoc
632 471 715 499 non
738 462 819 500 nisi
851 471 887 501 c.
916 471 957 502 a.
983 461 1229 510 456-450,
1260 462 1384 511 paulo
1418 464 1510 511 post
1539 465 1771 506 Alexandri

90 529 272 566 'mortem
303 526 463 569 factum
495 540 588 569 esse
620 530 769 579 potest,
801 529 1078 579 Hippocrates
1107 530 1247 569 autem
1275 531 1363 570 tum
1384 530 1510 570 XXX
1526 530 1791 579 fercannus

98 597 224 635 natus
246 595 389 646 fuerit,
416 607 545 646 quare
568 598 721 638 natalis
748 598 842 637 eius
868 607 1005 639 annus
1025 597 1173 638 incidit
1199 598 1242 637 in
1266 598 1332 641 01.
1350 598 1417 647 75,
1446 599 1466 642 1
1496 612 1555 634 =
1576 600 1676 641 480.
1694 599 1771 651 ²¹)

99 664 295 703 Mortuus
308 666 373 703 est
389 664 516 714 igitur
531 675 569 706 a.
588 667 687 715 370,
707 676 787 714 quo
809 676 915 705 anno
926 667 1191 705 Democritus
1207 667 1439 705 secundum
1452 668 1571 709 Diod.
1587 669 1703 717 XIV,
1719 668 1766 708 11

100 730 179 770 XC
218 742 350 771 annos
391 735 515 772 natus
554 733 664 775 obiit.
733 733 808 774 Sic
839 733 962 773 -enim
1013 734 1269 784 complentur
1307 732 1573 782 Hippocratis
1622 736 1774 775 aetatis

102 800 201 839 ClX
230 798 434 849 anni22).
493 802 634 848 Quare
662 803 839 850 primum
867 802 1141 851 Hippocrates
1172 801 1401 850 discipulus
1432 802 1659 842 Democriti
1689 814 1769 843 non

101 866 197 918 fuit,
228 868 335 917 quod
367 869 522 909 Suidas
551 870 634 909 iam
662 869 947 909 addubitavit:
979 863 1037 917 ὥς
1067 866 1118 910 δέ
1146 881 1265 916 τινες
1294 863 1435 920 (Ἱππ.
1464 864 1675 925 μαθητὴς
1701 868 1773 922 γέ-

100 934 230 987 γονε)
247 935 527 991 Δημοκρίτου
546 934 626 977 τοῦ
643 931 922 991 Ἀβδηρίτου·
944 934 1183 990 ἐπιβαλεῖν
1196 933 1281 991 γοῖρ
1304 932 1446 978 αὐτὸν
1467 938 1555 994 νέῳ
1574 933 1773 991 πρεσβύ-

100 1015 196 1057 την.
257 1005 339 1044 Sic.
361 1006 469 1044 enim
510 1007 655 1045 contra
686 1005 924 1055 Custerum‚
970 1006 1039 1055 qui
1077 1001 1183 1046 νέον
1210 1000 1438 1065 πρεσβύτῃ
1477 1007 1674 1056 correxit,
1712 1007 1776 1046 le-

104 1073 288 1128 gendum
320 1076 396 1122 est,
436 1085 532 1113 nam
560 1075 839 1125 Hippocrates
869 1075 953 1113 XX
981 1086 1112 1113 annos
1151 1074 1281 1113 maior
1310 1077 1411 1113 natu
1441 1078 1528 1114 tum
1559 1076 1612 1115 ad
1640 1075 1780 1125 philo-

104 1142 294 1191 sophum.
318 1135 376 1188 ὦς
405 1140 512 1182 νέον
550 1144 748 1192 accessit,
790 1153 873 1181 non
911 1152 1012 1182 vero
1042 1143 1090 1181 ut
1119 1142 1355 1191 doceretur,
1384 1142 1476 1192 sed,
1519 1142 1628 1192 quod
1657 1144 1779 1181 autor

104 1210 219 1248 vitae
246 1220 440 1258 anonym.
472 1210 589 1259 dicit,
628 1212 674 1251 ut
702 1210 979 1251 insanientem
1004 1210 1120 1249 illum
1152 1219 1299 1249 sanum
1327 1210 1545 1260 redderet3
1577 1221 1684 1260 nam,
1708 1210 1781 1249 -sie

103 1278 241 1328 pergit
271 1278 355 1329 ille,
385 1278 614 1319 Abderitas
642 1280 697 1322 ad
727 1279 973 1319 delirantem
1003 1278 1140 1318 civem
1170 1278 1377 1319 medicum
1403 1278 1681 1319 clarissimum
1707 1289 1778 1317 ar-

108 1346 355 1395 cessivisse,
394 1349 438 1386 et
477 1347 542 1387 sic
581 1348 778 1389 maiorem
816 1350 918 1387 natu
953 1347 1006 1387 ad
1037 1347 1236 1385 minorem
1265 1346 1446 1397 venisse,
1488 1349 1568 1389 cet.
1628 1348 1780 1396 Neque

107 1415 296 1456 medicus
327 1416 398 1455 ille
421 1415 651 1454 Metrodori
673 1416 754 1454 t'uit
784 1416 1028 1465 discipulus,
1061 1414 1131 1463 qui
1162 1414 1239 1453 sub
1270 1415 1382 1453 vitae
1407 1415 1520 1455 illius
1551 1413 1674 1453 finem
1703 1412 1780 1453 flo-

107 1483 205 1525 ruit.
286 1483 564 1534 Cogitandum
611 1486 674 1522 est
722 1483 774 1521 dc
824 1483 996 1521 iunioris
1036 1482 1187 1520 medici
1235 1482 1465 1521 eruditione
1513 1481 1781 1531 Hippocratis

111 1550 210 1602 Coi,
249 1552 318 1602 qui
356 1551 476 1602 primi
516 1550 631 1591 illius
671 1561 801 1600 nepos
842 1552 885 1590 et
918 1549 1109 1590 Thessali
1149 1549 1219 1589 vel
1261 1550 1482 1591 Dracontius
1530 1548 1641 1591 filius
1678 1553 1782 1598 erat,

114 1632 286 1669 quorum
315 1621 553 1659 memoriam
584 1622 631 1659 ut
656 1620 792 1668 quarti
823 1621 864 1657 et
894 1619 1007 1658 tertii
1037 1619 1130 1658 eins
1159 1618 1333 1658 nominis
1355 1619 1511 1660 suidas
1539 1615 1771 1667 tenuit.²³)

251 1690 348 1731 XV.
405 1685 603 1741 flaucatus,
634 1687 779 1736 Chius,
808 1687 961 1748 rhetor.
1024 1687 1145 1736 Quod
1176 1696 1270 1727 eum
1305 1686 1348 1727 in
1377 1688 1685 1728 Isocratem-nm
1712 1697 1784 1726 se-

111 1757 215 1797 riem
255 1738 1174 1808 reeepmffiffiiff'tesfimonns
1200 1758 1404 1803 veterum,
1437 1756 1501 1794 his
1531 1758 1625 1794 utor
1653 1764 1784 1804 argu-

0 1840 25 1866 :
114 1825 278 1868 mentis.
340 1827 420 1866 Est
457 1826 565 1866 enim
605 1825 676 1866 hic
713 1821 826 1871 Χῖος
850 1818 1008 1887 ῥήτωρ
1047 1817 1284 1877 Καύκαλος
1322 1816 1349 1875 g‘
1384 1816 1665 1877 Qong'ssacv
1702 1832 1784 1879 {gp

259 1972 322 2016 ²¹)
347 1974 510 2007 Marmor
532 1973 681 2006 Parium
712 1980 773 2005 no.
797 1969 843 2005 59
867 1971 904 2006 et
927 1972 984 2011 62.
1009 1958 1105 2015 quod
1139 1969 1342 2005 Perdiccae
1367 1977 1521 2015 regnum
1546 1965 1642 2002 intra
1665 1976 1785 2001 annos

117 2032 182 2067 461
217 2033 253 2066 et
285 2033 356 2067 420
393 2032 557 2071 includit,
594 2038 718 2064 errore
749 2031 895 2072 septem
933 2039 1110 2063 annorum
1145 2029 1263 2062 teneri
1302 2027 1459 2064 videtur.
1493 2035 1605 2070 quum
1650 2026 1786 2059 rectius

118 2088 357 2130 Thucydides
383 2089 458 2127 VII,
483 2089 506 2121 9
529 2097 624 2120 anno
650 2088 719 2122 414
743 2095 870 2131 regem
895 2087 1133 2128 superstitem
1155 2083 1358 2117 tradiderit.

259 2143 321 2186 ²²)
347 2155 440 2188 quos
473 2146 600 2178 auctor
632 2145 730 2178 vitae
768 2143 809 2184 (l.
833 2153 864 2177 c.
894 2154 931 2185 p.
962 2142 1049 2183 451)
1082 2141 1265 2175 numerata
1298 2135 1461 2173 ἐτελεύτα
1493 2134 1536 2172 δὲ
1568 2133 1672 2184 παρά
1707 2136 1783 2169 Λα-

118 2200 312 2249 ρισσαίοις,
349 2197 407 2234 ὅτε
440 2199 501 2233 καὶ
531 2199 758 2246 Δημόκριτος
787 2200 939 2247 φέρεται
970 2196 1195 2241 τελευτήσας,
1233 2193 1297 2230 καὶ
1328 2194 1364 2229 οἱ
1392 2191 1464 2241 μὲν
1486 2178 1532 2237 ‘2‘
1568 2192 1662 2228 ἐτοῖν
1686 2191 1721 2225 ot
1745 2188 1788 2226 δὲ
1842 2246 1844 2248 q

118 2255 184 2291 mt'
211 2263 340 2302 φασιν,
367 2254 473 2291 ἄλλοι
497 2255 578 2306 (ιδ’,
602 2254 697 2295 τινὲς
719 2254 787 2301 ρθ’
811 2254 1057 2298 τελευθῆσαι.·

260 2315 320 2358 ²⁸)
348 2316 502 2349 Praeter
535 2317 630 2349 hunc
677 2315 1011 2357 Hippocratem
1052 2311 1364 2347 Anaxarchus
1406 2308 1609 2343 Metrodori
1645 2306 1791 2339 auditor

119 2374 297 2415 probatur
322 2372 456 2406 Suidae
481 2381 513 2407 s.
538 2383 572 2407 v.
597 2374 769 2406 Democr.
794 2364 840 2405 οὖ
865 2369 936 2411 (sc.
960 2366 1220 2418 Μητροδώρου
1243 2368 1313 2402 τοῦ
1329 2366 1448 2408 Χέου)
1471 2363 1586 2398 πάλιν
1609 2358 1791 2409 ἀκροαταὶ

119 2426 349 2477 Ἀνάξαρχος
379 2426 443 2463 καὶ
463 2425 708 2476 Ἱπποκράτης
742 2424 764 2462 ὅ
787 2425 929 2474 ῖατρός;
956 2429 1001 2463 de
1026 2439 1098 2472 quo
1127 2428 1211 2461 vide
1236 2426 1357 2468 Pauly
1380 2421 1673 2465 Realencyklop.
1698 2430 1730 2455 s.
1755 2429 1792 2453 v-

122 2487 390 2520 Nobilissimus
409 2486 564 2529 denique
583 2486 785 2527 discipulus
802 2485 1092 2519 Theocritus
1119 2485 1188 2521 est,
1214 2484 1275 2524 qui
1298 2481 1536 2515 adversarius
1553 2478 1792 2519 Theopompo

123 2543 301 2576 historico
335 2543 487 2582 exstitit,
521 2541 642 2576 Strab.
666 2542 762 2581 XIV.
794 2553 830 2585 Ρ.
855 2543 937 2580 645,
968 2544 1015 2575 ab
1050 2541 1179 2575 eodem
1210 2541 1247 2572 in
1284 2538 1482 2572 Alexandri
1513 2535 1638 2580 Magni
1670 2531 1794 2564 odium

124 2601 280 2634 vocatus
317 2602 375 2635 est
400 2602 445 2635 cf.
469 2600 610 2643 Theop.
642 2601 714 2645 frg.
738 2600 818 2634 276.
842 2609 902 2641 ap.
927 2598 1107 2633 Wichers.
1143 2598 1194 2630 Cf.
1221 2596 1265 2628 de
1297 2596 1378 2630 eius
1402 2594 1543 2638 ingenii
1566 2590 1734 2623 acumine
1759 2588 1797 2622 et

125 2654 273 2688 dicendi
307 2666 439 2702 magna
473 2659 510 2691 vi
544 2658 662 2701 deque
693 2656 798 2690 libris
832 2658 866 2690 ei
907 2656 1112 2699 suppositis
1137 2652 1334 2687 Muellerus
1367 2652 1471 2685 fratr.
1500 2651 1541 2683 in
1575 2647 1683 2691 stgm.
1707 2645 1795 2680 hist.

125 2722 247 2757 graec.
283 2712 328 2747 11.
360 2724 397 2755 p.
419 2715 476 2749 87.
532 2716 817 2758 Bernhardyum
851 2715 898 2748 ad
929 2713 1029 2747 Suid.
1056 2713 1105 2758 gl.
1163 2712 1217 2745 Ex
1252 2711 1424 2753 discipuli
1455 2706 1593 2754 insigni
1630 2704 1796 2754 doctrina

129 2771 166 2802 et
191 2771 353 2813 expolita
381 2772 584 2804 eruditione
620 2773 789 2820 magistri
814 2770 1016 2804 Metrodori
1041 2770 1249 2812 paeclaram
1275 2765 1541 2800 institutionem
1566 2759 1795 2806 philosophi·

127 2836 208 2860 cam
224 2829 272 2862 ''et
296 2828 497 2863 oratoriam
524 2829 732 2863 coniectura
757 2828 933 2873 colligere
959 2827 1054 2860 licet.

744 2968 1889 3015 ἶ,.----.-.--------ι-Δ
