1889 3015
918 26 973 70 12

102 165 193 215 ipse
225 165 427 215 magister
455 176 536 205 uon
568 164 751 205 defuerit
781 168 997 206 certamini
1033 169 1079 207 ut
1107 165 1284 217 gloriam
1313 167 1494 209 Suorum
1524 169 1612 210 suis
1642 171 1776 211 oeulis

102 236 317 285 spectaret
342 235 383 274 et
403 233 458 274 ad
486 245 532 273 se
553 234 690 284 ipsum
721 227 1023 275 redundantem
1054 234 1245 286 sentiret3
1275 235 1402 286 idque
1423 239 1653 279 extremum
1683 237 1775 279 eins

102 303 184 342 iter
214 302 355 352 fuerit,
394 314 488 341 uam
520 304 702 352 quinque
733 305 852 342 annis
881 306 979 353 post
1007 302 1143 355 (346)
1176 305 1350 354 epistola
1378 306 1398 341 Ι
1416 306 1771 356 ’ad·'Dionyslum,

101 371 138 411 si
169 372 309 410 aetate
343 369 485 419 junior
524 373 652 421 esset,
682 371 760 420 ait,
799 382 848 411 se
877 371 1106 421 profectum
1138 384 1279 413 coram
1315 371 1450 412 amico
1491 374 1773 425 disseruisset,

101 450 215 478 nune
243 452 292 479 se
321 443 462 480 aetate
503 440 765 490 provectiore
803 442 1022 483 retardari.
1038 440 1087 492 ⁶)
1160 443 1348 482 Alteram
1384 442 1555 482 scholae
1595 448 1772 484 aetatem

102 556 215 589 certis
239 554 464 589 testimoniis
488 552 551 588 Ps.
576 553 672 587 Plut.
697 554 766 588 838
790 556 813 587 b
847 555 884 588 et
910 554 1110 598 Porphyrii
1143 557 1239 598 apud
1265 556 1401 592 Euseb.
1424 566 1551 600 praep.
1577 567 1635 590 ev.
1660 558 1712 590 X.
1737 560 1771 595 3.

99 620 136 653 p.
166 612 236 645 464
266 621 298 650 c,
332 622 404 655 quo
455 608 718 652 Theopompus
753 607 985 660 ὕπερφρόνει
1015 609 1084 645 τόν
1111 609 1324 657 Ἰσοκράτην
1359 609 1424 646 καὶ
1459 611 1673 655 νενικῆσθαι
1704 608 1771 657 ὕφ’

98 663 235 701 ἑαυτοῦ
255 665 354 713 λέγει
376 664 468 699 κατὰ
492 664 560 699 τόν
584 663 644 698 ἐπὶ
668 666 868 714 Μαυσώλῳ
893 666 1027 714 οῗγῶνα
1058 666 1125 701 τόν
1149 665 1389 704 διδάσκαλον.
1436 670 1509 703 Sed
1535 672 1607 703 iam
1633 669 1771 704 Gellius

99 724 150 764 X,
183 726 228 759 18
259 734 336 758 rem
376 725 523 757 dubiam
553 727 743 767 perspexit
775 728 836 769 qui
861 727 990 760 scribit
1024 728 1131 767 „sunt
1155 726 1276 761 etiam.
1316 728 1377 769 qui
1416 727 1618 760 Isocratem
1649 728 1769 769 ipsum

98 790 182 813 cum
207 783 255 817 iis
281 781 490 815 certavisse
515 782 716 816 memoriae
739 782 1029 817 mandaverint&
1077 780 1168 815 Jure
1184 782 1306 825 itaque
1327 783 1537 825 opinionem
1563 782 1664 815 illam
1688 784 1770 819 veri

97 837 319 871 dissimilem
344 838 512 870 reiiciunt
536 838 730 882 Pflugkius
764 839 809 871 de
834 839 972 880 Theop.
1004 840 1070 872 vit.
1100 849 1139 881 p.
1161 840 1208 872 26
1240 848 1321 884 sqq.
1353 839 1390 871 et
1423 837 1658 875 Wichersius
1679 839 1771 873 ibid.

95 903 131 936 p.
168 896 222 929 13.
252 903 397 938 nosque
430 894 486 929 sic
510 894 767 929 refutabimus.
816 895 953 939 Nequit
988 896 1145 941 cogitari
1177 896 1223 931 de
1255 895 1336 931 eius
1364 896 1573 935 certamine,
1604 905 1691 930 nam
1723 906 1768 931 ex

96 962 140 986 se
172 952 402 998 intelligitur,
445 960 528 984 eum
571 953 632 994 qui
665 953 873 985 sexcenties
912 953 1137 995 exposuerit.
1176 954 1330 986 audacia
1370 954 1407 985 et
1436 953 1570 987 idonea
1600 962 1695 986 voce
1726 964 1769 988 se

98 1017 239 1048 carere,
262 1009 422 1051 ideoque
447 1009 676 1042 abstinuisse
700 1018 723 1040 a
748 1009 1029 1052 magistratibus
1057 1010 1093 1041 et
1118 1010 1356 1042 concionibus
1383 1007 1493 1050 (locis
1518 1018 1632 1051 supra
1656 1010 1766 1043 deno-

95 1064 217 1106 tatis),
242 1066 304 1108 qui
335 1066 414 1098 toto
440 1065 544 1097 coelo
570 1064 753 1097 distulerit
777 1074 800 1096 a
826 1066 974 1098 rhetore
998 1066 1062 1097 vel
1087 1065 1358 1105 concionatore,
1383 1074 1465 1099 eum
1491 1066 1766 1111 octogenarium

93 1123 132 1154 in
157 1121 346 1154 hominum
372 1119 555 1155 concursu
580 1123 618 1153 et
642 1121 802 1162 sepulcri
826 1121 1027 1154 festivitate
1053 1130 1197 1154 summa
1222 1121 1424 1154 locuturum
1450 1122 1651 1155 exstitisse.
1697 1122 1764 1155 Ta·

92 1187 178 1211 men
204 1188 279 1212 non
304 1180 387 1212 sine
414 1188 530 1212 causa
559 1178 725 1211 insolens
750 1177 848 1211 istud
867 1178 1046 1220 judicium
1073 1178 1204 1215 exstat.
1231 1178 1267 1211 et
1293 1177 1427 1212 Suidas
1452 1185 1596 1222 quoque
1622 1178 1767 1213 duobus

93 1237 189 1268 locis
213 1236 287 1268 tam
314 1236 543 1269 confidenter
568 1235 844 1276 Apolloniatum
867 1235 1068 1276 perhibens
1092 1244 1219 1269 verum
1248 1235 1349 1267 dixit.
1398 1233 1581 1267 Sumenda
1597 1235 1766 1267 mendela

92 1292 185 1325 mihi
209 1292 355 1326 videtur
379 1301 425 1325 ex
449 1292 523 1325 alio
549 1292 632 1324 loco
657 1308 699 1315 —
728 1292 822 1332 apud
846 1291 954 1326 Phot.
980 1293 1060 1326 cod.
1088 1293 1155 1325 176
1179 1292 1257 1324 init.
1283 1308 1327 1315 —-
1354 1301 1434 1324 cum
1460 1291 1589 1324 nostro
1616 1292 1766 1326 collato.

95 1350 204 1391 Apud
228 1350 402 1382 Photium
434 1352 532 1383 enim
562 1351 693 1382 iterum
718 1349 921 1382 Isocratem
952 1348 1232 1387 Atheniensem,
1269 1347 1513 1381 Theodectem
1546 1348 1765 1380 Naucratem

91 1407 189 1440 inter
223 1407 399 1449 aequales
432 1416 523 1441 suos
548 1405 811 1448 Theopompus
844 1406 957 1438 refert
987 1406 1024 1438 et
1048 1405 1252 1438 insolenter
1281 1405 1382 1439 vitae
1416 1413 1506 1438 suae
1532 1405 1763 1439 conditiones

91 1463 365 1505 prosperrimus
391 1464 560 1508 magistri
592 1464 739 1504 inopiae
765 1471 885 1496 rerum
911 1463 949 1495 et
963 1470 1099 1503 operae
1116 1463 1366 1496 mercenariae
1383 1462 1550 1504 opponit;
1566 1462 1603 1495 id
1628 1472 1701 1496 non
1725 1462 1762 1495 in

91 1518 367 1562 Apolloniatam
400 1520 468 1554 sed
493 1520 612 1555 solum
644 1521 681 1552 in
709 1518 973 1554 Atheniensem
999 1519 1165 1562 quadrat,
1196 1527 1316 1562 neque
1347 1520 1473 1553 obstat
1503 1520 1588 1552 huic
1612 1520 1758 1561 senten-

90 1578 166 1610 tiae
181 1592 227 1600 —
247 1577 343 1620 quod
360 1577 482 1610 tamen
499 1577 681 1610 Wiehers.
698 1576 743 1616 ad
760 1576 897 1619 Theop.
914 1577 1043 1616 voluit,
1066 1593 1112 1600 —
1131 1576 1227 1618 quod
1247 1574 1510 1618 Theopompus
1527 1573 1764 1621 συνακμάσαι

91 1643 135 1667 se
161 1634 193 1666 ei
221 1632 320 1672 dicit,
345 1635 452 1667 annis
477 1632 575 1666 LVII
598 1635 696 1666 inter
721 1633 909 1676 utriusque
934 1634 1091 1666 aetatem
1116 1632 1440 1672 intercedentibus,
1465 1634 1549 1676 quia
1574 1633 1761 1667 Isocrates

90 1689 176 1731 plus
206 1699 313 1732 quam
341 1691 605 1734 quinquaginta
630 1690 862 1731 Theopompi
885 1690 1019 1729 aetatis
1044 1698 1162 1722 annos
1188 1698 1259 1721 una
1284 1698 1366 1721 cum
1390 1697 1435 1721 eo
1460 1689 1641 1734 transegit
1667 1691 1761 1732 qius-

90 1754 160 1788 que
192 1746 300 1777 chola
331 1744 376 1776 ad
406 1746 517 1777 finem
552 1753 668 1789 usque
699 1746 873 1779 floruisse
903 1746 1018 1778 fertur
1051 1744 1231 1785 (Pausan.
1255 1744 1284 1783 1,
1316 1745 1371 1781 18.
1397 1745 1438 1783 ὃς
1469 1743 1537 1776 XV
1570 1755 1622 1777 or.
1644 1744 1759 1779 Isocr.

89 1803 136 1837 93
160 1802 238 1844 aL).
286 1802 378 1835 Eum
411 1803 524 1847 igitur
556 1802 676 1836 locum
709 1802 959 1835 contenderim
991 1803 1030 1835 iu
1061 1802 1198 1836 vicinia
1228 1802 1397 1843 proxima
1426 1801 1624 1835 Eusebiani
1659 1802 1760 1837 illius

90 1859 188 1901 apud
207 1859 487 1901 Theopompum
505 1860 681 1901 scriptum
696 1867 784 1893 esse
810 1859 968 1902 ideoque
982 1874 1026 1881 —
1039 1859 1208 1900 quamvis
1226 1857 1376 1891 Eusebii
1394 1854 1482 1899 ,τόν
1506 1854 1758 1892 διδάσκαλον*

87 1915 232 1950 nihilsit
255 1926 361 1960 quam
383 1916 571 1959 appositio
597 1927 620 1948 a
637 1916 848 1960 Porphyrio
863 1915 997 1959 :addita
1016 1916 1062 1948 ad
1079 1916 1196 1947 virum
1211 1915 1403 1949 dilucidius
1419 1915 1699 1961 significandum
1711 1932 1759 1942 ›—

87 1973 291 2007 Isocratem
318 1974 536 2018 magistrum
570 1984 592 2005 a
614 1973 854 2015 Theopompo
880 1975 1089 2016 superatum
1116 1973 1316 2013 putandum
1341 1980 1439 2005 esse.
1488 1961 1660 2004 Attamen
1684 1982 1757 2007 non

88 2030 268 2073 magister
309 2030 514 2063 orationem
546 2030 693 2064 locutus
736 2032 814 2069 est,
856 2031 924 2064 sed
948 2030 1134 2064 Isocrates
1166 2029 1426 2071 Apolloniates
1459 2029 1549 2061 dixit
1580 2031 1759 2073 magister

87 2088 263 2129 scripsit!
288 2085 535 2121 Amanuensis
559 2089 732 2130 tanquam
759 2089 819 2120 vel
844 2087 982 2122 famuli.
1016 2096 1123 2128 quem
1148 2097 1219 2121 nos
1244 2086 1410 2127 dicimus,
1443 2096 1593 2119 munere
1617 2090 1653 2120 in
1681 2097 1756 2120 ma-
1826 2112 1829 2114 -

87 2143 197 2188 gistri
222 2143 472 2176 familiaritate
504 2145 607 2188 fungi
632 2145 761 2186 potuit,
793 2153 876 2176 nam
904 2143 1176 2185 Apolloniatum
1200 2144 1235 2175 in
1266 2143 1444 2185 perpetua
1478 2143 1514 2176 et
1546 2144 1757 2177 arctissima

88 2201 355 2235 consuetudine
388 2211 468 2234 cum
500 2202 741 2244 praeceptore
772 2197 915 2236 'vixisse
941 2202 1020 2243 Jam
1062 2209 1108 2234 ex
1139 2210 1184 2234 eo
1216 2201 1424 2236 luculenter·
1448 2200 1560 2243 patet,
1603 2202 1699 2244 quod
1735 2213 1758 2235 a

87 2257 199 2291 Suida
232 2254 420 2303 διαδόχος
449 2259 517 2291 τοῦ·
546 2255 713 2303 μεγάλου
744 2255 977 2302 Ἰσοκράτους
1007 2260 1031 2292 i.
1066 2265 1097 2290 e.
1131 2267 1328 2292 successor
1359 2260 1397 2292 in
1430 2258 1560 2291 schola
1593 2259 1757 2302 regenda

85 2314 312 2356 appellatum
337 2316 382 2347 cf.
407 2314 561 2356 Epistol.
588 2313 728 2348 Socrat,
752 2314 865 2348 XXX
891 2315 1002 2347 Orell.
1027 2325 1063 2357 p.
1090 2316 1137 2349 38
1158 2312 1226 2347 τόν
1249 2310 1292 2347 δὲ
1315 2311 1505 2347 Πόντικον
1529 2312 1601 2354 (sc.
1624 2310 1754 2347 Ἄπολ-

85 2367 223 2408 λωνίας
245 2372 308 2412 τῆς
330 2367 371 2404 ἐν
385 2371 439 2417 τῷ
454 2368 602 2417 Πόντῳ,
627 2371 746 2414 Suid.)
770 2370 947 2418 μαθητήν
969 2368 1139 2409 ἀπέδειξε
1162 2373 1226 2413 τῆς
1249 2368 1367 2405 αὐτοῦ
1390 2370 1527 2414 σοφίας
1550 2366 1751 2416 διάδοχον.

87 2430 208 2468 Quare
234 2429 323 2461 mihi
348 2431 595 2470 conprobatur
620 2430 744 2472 opinio
766 2430 843 2461 veri
869 2429 1068 2469 simillima,
1092 2429 1292 2463 Isocratem
1317 2437 1383 2471 per
1408 2428 1623 2470 discipulum
1644 2427 1754 2470 Apol·

86 2484 160 2518 lon.
197 2486 363 2520 eiusdem
394 2486 554 2521 nominis
581 2495 662 2520 cum
690 2486 823 2520 ceteris
858 2487 1035 2527 certasse,
1068 2487 1192 2530 itaque
1224 2496 1246 2519 a
1279 2485 1518 2528 Theopompo
1543 2486 1753 2528 superatum

87 2531 175 2575 esse
210 2544 246 2575 et
271 2543 489 2587 magistrum
522 2544 767 2578 laudationem
795 2544 975 2587 discipulo
1002 2542 1341 2578 subministrantem
1367 2546 1404 2576 et
1428 2542 1645 2584 discipulum
1671 2551 1753 2575 eum

85 2599 147 2643 qui
181 2607 262 2632 eam
296 2599 432 2634 habuit.
482 2602 526 2634 Et
551 2603 629 2635 erat
657 2611 737 2635 mos
763 2602 952 2637 Isocratis.
984 2608 1050 2643 pel·
1081 2601 1177 2633 alios
1210 2610 1343 2635 causas
1377 2609 1467 2634 suas
1494 2607 1620 2642 agere·
1654 2599 1753 2633 velut

82 2666 151 2700 per
176 2657 290 2690 filium
315 2656 524 2699 Aphareum
551 2669 588 2691 a.
611 2660 679 2692 355
711 2661 750 2692 in
783 2659 1027 2704 Megaclidem
1061 2658 1210 2701 propter
1240 2658 1491 2692 trierarchiam
1525 2656 1667 2690 locutus
1694 2658 1752 2691 est

83 2713 165 2755 (Ps.
192 2714 291 2747 Plut.
316 2724 352 2756 p.
377 2715 446 2748 838
470 2725 502 2747 a.
530 2716 573 2748 ef.
600 2716 707 2749 Dion.
733 2714 766 2747 V
789 2726 824 2758 p.
849 2717 917 2750 667
941 2727 978 2758 p.
1003 2713 1103 2756 576.)

226 2770 262 2814 ⁸)
289 2770 349 2806 Ad
377 2782 456 2806 eam
480 2774 748 2814 expeditionem
771 2773 945 2808 Isocratis
966 2774 1164 2816 hospitium
1189 2774 1248 2807 vel
1270 2780 1504 2815 symposlum
1524 2774 1620 2815 apud
1645 2773 1735 2806 Nico

0 2966 1889 3015 d
