1889 3015
562 421 1154 502 Praefatia

170 631 233 705 ln
262 657 519 716 indaganda
539 662 744 701 veterum
766 655 953 712 propria
972 654 1123 699 indole
1154 667 1210 699 ac
1231 660 1393 699 natura
1410 654 1453 698 in
1476 653 1699 698 illustran-

33 741 105 783 dis
124 747 280 780 eorum
301 730 647 787 antiquitatibus,
675 727 852 781 litteris,
883 728 1056 769 artibus
1085 740 1353 784 quamquam
1382 727 1508 770 multi
1530 725 1701 770 versati

35 810 141 850 sunt
159 798 364 846 homines
380 798 517 852 docti,
538 803 688 841 tamen
708 793 1084 852 philosophorum
1101 801 1146 839 et
1169 801 1398 838 oratorum
1417 793 1700 839 Graecorum

34 870 222 918 scholae
252 866 402 910 adhuc
431 865 669 922 neglectae
692 865 850 921 jacent

169 936 234 980 At
279 933 516 992 plurimum
566 930 688 976 valet
734 931 793 975 ad
850 929 1203 976 clarissimorum
1264 931 1464 976 virorum
1520 931 1704 988 ingenia

35 1002 318 1054 diiudicanda
347 1008 396 1046 ut
415 1007 629 1045 accurate
650 1007 913 1057 quaeratur,
944 1001 1182 1044 cuiusnam
1212 999 1420 1057 magistri
1439 1000 1701 1056 praeceptis

34 1074 237 1122 eruditus
276 1070 335 1114 sit
372 1069 561 1127 quisque
598 1075 641 1112 et
687 1081 801 1125 quas
840 1069 899 1112 ad
935 1081 1121 1112 normas
1161 1068 1397 1112 doctrinae
1435 1066 1703 1125 virtutisque

34 1141 261 1200 ingenium
290 1151 420 1183 suum
459 1135 708 1180 excoluerit
747 1151 804 1181 ac
834 1149 985 1179 mores
1024 1135 1388 1180 conformaverit.
1457 1134 1567 1178 Tum
1606 1134 1706 1180 fieri

35 1208 205 1266 nequit,
234 1212 284 1250 ut
300 1219 452 1265 rerum
471 1205 605 1261 copia
624 1216 741 1261 quae
772 1204 960 1260 grandis
990 1212 1060 1248 est
1080 1217 1210 1260 spem
1231 1211 1277 1247 et
1294 1217 1482 1259 operam
1503 1210 1705 1247 nostram

36 1276 178 1320 fallat.
245 1273 397 1322 Quare
444 1271 651 1316 scholam
687 1270 960 1315 Isocrateam
999 1272 1120 1329 apud
1154 1271 1361 1314 Graecos
1400 1270 1475 1315 vel
1512 1271 1706 1315 maxime

0 1373 1 1377 =
40 1341 331 1399 conspicuam
361 1339 627 1396 descripturi
665 1352 752 1382 nos
779 1352 875 1382 rem
905 1339 1092 1397 saepius
1122 1338 1181 1383 ab
1220 1337 1322 1381 aliis
1353 1337 1614 1383 inchoatam
1644 1341 1704 1384 ad

0 1416 1 1428 ²
41 1411 257 1456 certiores
285 1407 402 1452 fines
432 1407 689 1469 perducere
720 1421 805 1464 pro
826 1406 997 1451 viribus
1028 1407 1197 1451 nostris
1229 1407 1469 1450 statuimus
1499 1414 1543 1451 et
1571 1423 1705 1465 prae-

37 1478 231 1523 fabimur
259 1490 381 1521 nunc

664 1568 740 1620 lle
794 1566 1084 1621 fontibus

179 1671 374 1715 Veteres
405 1670 584 1728 quidem
615 1669 738 1715 haud
777 1670 912 1727 pauci
945 1670 1161 1715 Isocratis
1192 1669 1396 1725 scholae,
1433 1672 1707 1729 praeceptis,

37 1740 216 1785 artibus
249 1738 560 1781 describendis
599 1752 787 1794 operam
816 1745 1054 1791 navarunt,
1093 1738 1262 1794 scripta
1298 1737 1518 1795 pleraque
1548 1740 1707 1784 iniuria

42 1805 259 1865 temporis
292 1802 441 1860 deleta
471 1811 588 1849 sunt.
649 1805 972 1863 Praeterquam
1002 1805 1122 1863 quod
1154 1805 1387 1850 orationes
1429 1805 1707 1864 interpretes

41 1883 86 1922 et
127 1874 460 1918 existimatores
481 1867 773 1929 invenerunt,
808 1873 1072 1917 exstiterunt
1110 1874 1242 1917 etiam
1279 1874 1354 1931 qui
1396 1875 1454 1919 de
1497 1875 1708 1920 Isocratis

41 1943 136 1988 vita
165 1950 209 1987 et
240 1941 388 1997 dictis,
420 1941 476 1986 de
507 1941 711 1986 oratoria
742 1941 840 1999 ejus
870 1940 1144 1986 institutione
1175 1940 1498 2001 discipulisque
1528 1942 1707 1988 libellos

46 2016 390 2068 componerent3
420 2011 537 2053 inter
565 2024 678 2067 quos
703 2008 903 2065 ipsorum
934 2011 1211 2067 quorundam
1232 2011 1482 2054 auditorum
1511 2011 1614 2055 libri
1633 2013 1709 2069 qui
1754 2030 1756 2032 >

43 2079 307 2123 interierunt
333 2077 423 2122 fide
461 2076 581 2121 haud
623 2076 754 2120 dubie
787 2077 1031 2135 dignissimi
1063 2084 1232 2132 essent,
1260 2077 1383 2122 velut
1409 2077 1711 2137 Cephisodori

46 2146 259 2204 apologia
295 2146 510 2191 Isocratis
550 2159 666 2203 quae
716 2142 999 2205 ἀντιγραφαὶ
1034 2142 1151 2204 πρὸς
1180 2142 1465 2205 Ἀριστοτέλη
1491 2147 1711 2204 inscripta

48 2221 167 2269 erat,
210 2213 498 2258 Dioscuridis
529 2214 862 2270 memorabilia,
900 2211 1101 2268 Philisci*
1128 2211 1411 2272 Ἰσοκράτους
1456 2211 1708 2273 οἷπόφασις,

47 2281 294 2339 Speusippi
322 2280 437 2326 liber
456 2297 544 2341 quo
567 2282 911 2326 continebantur
926 2280 988 2325 τα“
1004 2278 1134 2339 παρα
1154 2278 1431 2343 Ἰσοκράτους
1449 2280 1710 2339 καλούμενα

48 2346 312 2409 α’πόρρητας
356 2365 413 2396 ex
452 2352 612 2410 quibus
650 2350 1035 2410 apophthegmata
1072 2352 1299 2396 Isocratea
1338 2352 1488 2396 adhuc
1526 2361 1709 2397 servata

42 2417 228 2462 fluxisse
246 2420 476 2472 videntur3
506 2419 696 2464 aliorum
717 2426 866 2464 autem
886 2418 1098 2463 librorum
1121 2420 1282 2477 exigua
1320 2421 1560 2464 admodum
1588 2419 1709 2478 frag-

44 2493 194 2529 menta
226 2493 484 2542 supersunt,
511 2486 637 2531 velut
654 2486 752 2531 libri
781 2488 838 2531 ab
859 2486 1107 2545 Hermippo
1131 2486 1380 2545 Smyrnaeo
1407 2489 1475 2532 De
1506 2489 1710 2533 isocrate

46 2554 204 2610 scripti
230 2552 413 2609 (Athen.
434 2555 545 2609 Xlll,
567 2557 653 2602 592
673 2557 700 2599 d
722 2556 781 2600 cf.
803 2571 897 2613 arg.
920 2571 987 2600 or.
1009 2557 1081 2612 ll),
1113 2556 1186 2613 qui
1206 2570 1317 2613 pars
1337 2555 1473 2601 fuerit
1489 2557 1712 2612 Vitarum,

47 2626 91 2663 et
126 2623 241 2681 Περὶ
276 2620 367 2666 τῶν
399 2618 677 2682 Ἰσοκράτους
713 2624 957 2682 μαθητῶν,
996 2624 1198 2682 inscripti
1235 2624 1407 2682 operis,
1444 2626 1575 2671 cuius
1615 2634 1711 2672 tres

46 2685 150 2731 libri
177 2691 386 2735 citantur.
445 2692 658 2738 Oratoria
696 2701 945 2751 praecepta
982 2695 1039 2738 ad
1080 2692 1336 2737 absolutam
1370 2701 1421 2738 ‘et
1456 2693 1710 2753 perfectam

49 2757 273 2814 quandam
301 2760 541 2819 imaginem
573 2762 820 2820 depingere
859 2776 948 2807 non
985 2761 1107 2817 licet,
1144 2762 1352 2820 quoniam
1389 2778 1533 2822 neque
1568 2764 1712 2821 ipsius
1738 2780 1742 2782 ·

38 2828 368 2884 ,praeceptoris
396 2842 476 2875 ars
512 2829 740 2876 rhetorica
776 2845 923 2888 neque
953 2836 1076 2876 artes
1114 2843 1142 2874 a
1171 2830 1712 2933 discipulislTheodecte,
