1889 3015
906 24 934 66 8

814 80 1019 87 --..—.

82 177 178 205 esse
209 165 322 213 licet,
355 174 463 215 quae
492 164 547 204 ad
578 164 840 213 Polycratem
869 164 1097 215 sophistam
1138 166 1224 204 tum
1262 164 1303 204 in
1335 165 1471 216 Cypro
1511 165 1649 207 insula
1679 166 1752 206 do-

81 236 246 274 centem
290 234 390 273 data
430 232 511 285 (ef.
544 245 706 284 argum.
748 236 851 275 orat.
900 235 943 273 et
972 232 1003 281 S
1037 230 1101 284 1),
1141 233 1465 274 declamationes
1493 235 1600 277 duas
1625 246 1653 276 a
1680 247 1753 276 se-

79 303 222 355 phista
254 303 296 341 in
327 314 448 342 usum
478 303 713 342 scholarum
745 303 926 352 scriptas
964 301 1021 353 (S
1052 300 1133 352 44)
1165 301 1362 342 refellere
1393 304 1503 343 vult:
1543 304 1753 344 Busiridis

79 370 328 420 Apologiam
361 373 403 409 et
432 371 622 410 Socratis
651 371 965 411 accusationem
997 369 1053 421 (5
1084 369 1151 421 4).
1210 372 1304 410 Nec
1332 372 1470 410 tamen
1499 374 1642 413 vivum
1671 373 1753 413 So-

82 441 240 478 cratem
273 442 451 480 accusat
480 440 669 489 sophista
699 442 840 488 Anyto
873 442 915 479 et
943 440 1117 489 Melete,
1144 439 1213 489 qui
1236 439 1462 489 sapientem
1485 451 1603 481 reum
1634 441 1752 481 fece-

79 510 187 556 rant,
219 508 447 547 orationem
478 509 591 547 illam
610 508 927 548 subministrans
959 528 1013 535 —
1045 509 1153 557 quod
1185 508 1293 548 false
1314 510 1626 559 argumentator
1656 521 1751 549 ora-

80 577 206 616 tionis
237 578 475 617 isocrateae
516 578 722 617 intellexit
752 597 824 627 —‚
865 576 942 617 sed
980 574 1011 625 S
1041 578 1088 615 61
1110 578 1215 617 satis
1244 578 1436 617 abeundo
1475 576 1697 617 defunctos
1726 590 1753 618 a

80 645 271 694 sophista
313 646 420 684 male
461 646 693 695 vituperari
731 646 873 694 docet3
920 645 1042 685 cuius
1079 645 1141 685 rei
1184 646 1304 685 testis
1340 647 1602 687 Phavorinus
1642 646 1752 697 apud

80 713 204 763 Diog.
234 715 374 756 Laert.
406 715 460 764 11,
492 715 548 753 39
580 716 659 764 est,
691 714 761 764 qui
789 714 833 753 in
864 714 1098 763 Polycratis
1134 715 1405 753 accusatione
1445 715 1516 754 illa
1546 726 1754 755 murorum

80 792 106 820 a
132 782 305 821 Conone
328 782 657 823 instauraturum
686 784 936 822 mentionem
957 782 1111 822 factam
1137 782 1374 833 nunciavit3
1407 783 1476 823 isti
1500 786 1619 823 sexto
1645 795 1753 824 anno

80 853 175 900 post
206 851 397 891 Socratis
436 854 606 891 mortem
637 862 678 894 a.
708 852 793 891 393
823 851 973 890 iterum
1003 853 1103 890 sunt
1133 851 1351 901 exstructi,
1382 862 1511 901 quare
1541 852 1753 892 declama·

81 920 218 960 tiones
250 920 486 968 Polycratis
517 921 561 959 et
589 921 790 961 Isocratis
818 919 861 958 in
891 919 983 960 illas
1014 930 1219 959 conversa
1251 921 1380 960 oratio
1416 923 1510 971 post
1537 922 1649 960 hunc
1677 932 1753 960 an-

80 1000 178 1027 num
210 989 395 1037 scriptae
425 990 537 1037 sunt,
569 989 639 1027 vel
661 989 752 1038 ipsa
782 988 848 1030 01.
871 991 939 1029 97.
957 986 1003 1038 2)
1036 1011 1090 1017 -
1122 989 1318 1038 Sophista
1345 989 1413 1029 ille
1436 990 1754 1029 Isocrate-natu

80 1057 213 1096 maior
245 1056 345 1108 (xl,
376 1054 458 1107 50)
501 1057 681 1097 Athenis
713 1057 893 1107 Gorgiae
933 1056 1189 1107 aliquamdiu
1218 1058 1409 1097 aemulus
1454 1056 1536 1110 (cf.
1573 1060 1753 1100 Pausaa.

80 1127 157 1174 vl,
191 1127 259 1176 17,
289 1123 344 1176 5)
376 1126 477 1164 urbe
511 1127 714 1176 expulsus
746 1127 811 1164 est
842 1125 904 1166 ol.
936 1127 1006 1174 96,
1045 1126 1256 1165 nescimus
1296 1136 1376 1175 qua
1406 1126 1457 1166 de
1489 1136 1634 1178 causa,
1673 1138 1753 1178 quo

80 1198 266 1245 tempore
308 1195 519 1237 Isocrates
562 1206 725 1245 quoque
762 1195 1122 1245 peregrinabatur,
1162 1195 1232 1244 qui
1272 1193 1353 1246 (cf.
1396 1207 1455 1239 or.
1492 1197 1570 1246 xl,
1611 1194 1660 1247 1)
1700 1198 1753 1236 ab

80 1264 178 1303 aliis
208 1264 373 1303 demum
413 1264 466 1302 de
497 1264 733 1311 Polycratis
769 1264 994 1303 infortunio
1032 1264 1183 1303 certior
1212 1263 1351 1302 faetus
1381 1267 1754 1315 apparet,snempe

81 1332 152 1371 ubi
184 1333 277 1382 ipse
306 1333 497 1371 Athenas
526 1332 662 1383 rediit,
700 1333 853 1383 quique
890 1332 1028 1373 dolore
1066 1330 1251 1372 afficitur
1292 1331 1369 1383 (ib.
1401 1332 1467 1382 2),
1497 1334 1605 1382 quod
1637 1334 1755 1383 copia

82 1412 177 1440 cum
208 1401 278 1439 illo
312 1401 585 1440 conveniendi
615 1402 713 1440 data
743 1412 823 1440 non
852 1402 920 1444 sit.

221 1469 311 1508 Sed
353 1471 590 1519 repetamus
631 1479 657 1507 a
693 1469 930 1518 primordiis
977 1470 1148 1509 scholae
1187 1469 1298 1518 apud
1343 1468 1470 1509 Chios
1508 1469 1753 1521 patefacti„

82 1539 163 1577 iam
198 1538 346 1576 mirum
378 1550 474 1578 esse
505 1549 587 1577 non
617 1540 767 1588 potest,
808 1538 915 1587 quod
942 1538 1011 1578 hic
1050 1539 1142 1588 ipse
1173 1540 1382 1579 Isocrates
1412 1550 1489 1579 nos
1519 1538 1662 1579 delicit
1689 1540 1753 1578 al·

81 1613 168 1647 tum
199 1608 410 1647 silentium
442 1607 493 1646 de
515 1607 853 1657 peregrinatione
883 1618 962 1646 sua
992 1609 1156 1656 tenens,
1188 1607 1336 1657 quippe
1362 1607 1430 1656 qui
1462 1607 1515 1646 de
1537 1610 1629 1646 ortu
1662 1619 1753 1656 suo,

81 1679 133 1717 de
157 1676 382 1725 juventute
414 1676 467 1716 de
496 1676 840 1726 praeceptoribus
872 1676 924 1715 de
954 1675 1121 1715 fortuna
1151 1676 1334 1715 adversa
1364 1676 1479 1716 nulla
1509 1675 1598 1715 fere
1624 1678 1755 1717 verba

81 1746 245 1794 fecerit.
292 1747 448 1783 Tamen
480 1745 533 1782 de
563 1755 715 1783 novem
746 1745 828 1783 illis
859 1743 1075 1793 discipulis
1106 1744 1275 1782 nuntius
1306 1746 1450 1782 certus
1479 1741 1654 1784 fluxisse
1685 1746 1752 1784 vi-

82 1815 205 1853 detur
240 1815 315 1852 aut
355 1824 410 1851 ex
450 1813 664 1862 Hermippi
703 1812 820 1851 libris
861 1812 925 1850 De
964 1812 1163 1851 Isocratis
1203 1810 1423 1860 discipulis
1458 1813 1533 1850 aut
1563 1823 1616 1850 ex
1645 1813 1753 1852 alius

80 1882 286 1921 auditoris
316 1882 673 1930 numerabilibus,
712 1880 964 1929 eandemque
996 1881 1196 1930 originem
1210 1878 1370 1918 ‘fabula
1399 1891 1425 1918 a
1456 1881 1622 1919 Pseudo
1652 1883 1754 1921 Plu-

82 1952 227 1991 tarcho
258 1962 297 2000 p.
328 1950 414 1989 837
448 1951 481 1989 Β
514 1952 556 1989 et
584 1950 730 1989 Photio
769 1949 811 1988 iu
850 1950 942 1990 cod.
976 1949 1060 1987 260
1096 1947 1300 1998 perhibita
1329 1959 1432 1997 prae
1461 1960 1507 1987 se
1538 1948 1633 1998 fert,
1665 1953 1754 1990 Iso-

82 2022 238 2059 cratem
271 2040 325 2048 —-
360 2023 405 2057 ut
438 2019 572 2058 mollis
604 2019 695 2058 eius
726 2019 768 2057 et
798 2018 920 2057 nimis
953 2018 1192 2057 verecunda
1223 2018 1372 2056 natura
1403 2019 1492 2056 erat
1522 2029 1657 2068 neque
1686 2020 1754 2059 vi-

80 2095 153 2128 tae
184 2090 425 2127 immutatae
456 2087 680 2126 conditioni
712 2090 793 2126 tam
833 2087 1025 2126 celeriter
1054 2088 1229 2126 assueta
1260 2106 1309 2113 —
1346 2086 1629 2126 lacrimantem
1664 2090 1753 2137 pri-

82 2169 189 2197 mam
222 2157 455 2195 mercedem
488 2158 694 2206 exegisse,
734 2166 858 2205 quum
890 2167 938 2195 se
969 2155 1147 2204 pecunia
1177 2154 1393 2193 venditum
1423 2156 1603 2203 putaret.
1663 2157 1753 2195 Iam

82 2227 292 2267 coniicere
330 2225 449 2264 nobis
487 2223 607 2275 licet,
646 2236 726 2263 non
758 2224 885 2263 multo
925 2227 1018 2273 post
1058 2225 1145 2262 tres
1184 2233 1314 2262 annos
1352 2222 1552 2261 Nostrum
1590 2225 1752 2273 patriae

47 2316 52 2322 ·
80 2296 203 2336 nimis
243 2294 454 2333 desiderio
491 2293 776 2344 indulgentem
813 2293 1035 2342 animoque
1063 2292 1330 2332 audaciorem
1373 2291 1414 2329 in
1446 2292 1635 2331 doctrina
1665 2296 1752 2332 tra-

83 2365 221 2405 denda
252 2364 523 2404 versatiorem
554 2365 744 2403 Athenas
774 2362 1015 2414 navigasse.
1038 2360 1084 2412 ³)

225 2489 264 2533 ¹)
291 2489 467 2524 Similiter
491 2497 534 2521 ac
558 2499 627 2524 nos
655 2488 843 2522 Bentleius
869 2489 904 2520 in
930 2488 1020 2521 diss.
1046 2486 1090 2520 de
1114 2487 1221 2529 epist.
1248 2485 1386 2520 Socrat.
1412 2486 1520 2529 epist.
1540 2487 1748 2521 collectioni

84 2551 130 2582 ab
166 2549 303 2581 Orellio
343 2548 489 2580 adiecta
521 2547 798 2590 argumentatus
839 2547 898 2579 est
930 2546 1014 2578 inde
1039 2555 1075 2578 a.
1107 2553 1144 2586 p.
1177 2545 1257 2581 410,
1288 2544 1326 2575 id
1359 2544 1454 2586 quod
1487 2544 1750 2578 dissertatione

83 2608 217 2640 nostra
243 2605 451 2646 conscripta
474 2604 624 2636 fortuito
652 2604 868 2645 reperimus.

229 2662 263 2704 ει)
293 2662 398 2703 Quod
432 2663 468 2693 in
495 2660 557 2694 Ps.
582 2661 677 2694 Plut.
708 2671 744 2702 p.
769 2661 836 2694 837
864 2662 885 2693 b
911 2661 956 2693 de
989 2660 1269 2705 magistratibus
1296 2660 1396 2694 Chiis
1430 2661 1477 2692 ab
1510 2658 1676 2692 Isocrate
1702 2668 1755 2693 re·

83 2722 224 2757 stitutis
262 2719 371 2752 etde
403 2717 594 2759 rupublica
629 2718 677 2750 ad
713 2719 830 2751 instar
862 2716 1099 2750 Atheniensis
1137 2718 1363 2751 conformata
1406 2716 1549 2761 legitur,
1584 2716 1757 2751 vetustis·

85 2779 169 2813 simi
196 2778 269 2810 inm
296 2773 435 2809 librarii
461 2782 585 2807 errore
601 2776 833 2816 praemature
859 2776 895 2808 in
920 2775 1055 2808 textum
1084 2775 1141 2808 est
1167 2775 1356 2814 Insertum,
1385 2776 1421 2806 ut
1439 2770 1596 2807 Wolflus
1620 2774 1656 2807 in
1681 2774 1756 2807 edi-
