1889 3015
924 21 980 66 21

115 172 237 214 Diod.
268 170 310 211 ll.
342 178 407 209 cc.
467 164 639 206 Isocrati
668 164 822 213 autem,
862 171 987 210 quum
1019 159 1195 210 Callippi
1233 159 1396 210 gratam
1438 157 1680 197 mentionem
1715 157 1780 197 fa-

116 242 266 290 ciebat,
298 240 384 277 tum
414 236 588 275 nuntius
612 233 820 274 scelerum
850 230 1031 270 nondum
1060 229 1211 268 allatus
1242 230 1344 270 erat.

253 308 332 349 IV.
387 301 593 347 Androtion
627 296 746 342 ''Avd
774 309 901 346 ωνος,
931 290 1191 351 Ἀθηναῖος,
1231 291 1373 351 ῥήτωρ
1403 294 1480 335 καὶ
1509 289 1804 350 δημαγωγός,”
1853 305 1889 327 m

115 375 325 432 μαθητης
348 368 630 428 Ισοκροῖτους,
659 370 781 413 Suid.
803 369 1150 412 s.v.1socrateus
1181 366 1303 405 etiam
1328 376 1353 404 a
1373 365 1536 405 zosimo
1557 364 1600 403 in
1621 364 1708 403 vita
1729 364 1784 406 Is.

116 459 158 497 p.
188 447 251 485 xl
279 445 466 486 habetur.
526 441 622 481 Vim
653 439 844 480 eximiam
876 436 1044 477 dicendi
1074 435 1165 475 eius
1195 434 1494 474 Demosthenes
1524 434 1566 473 in
1597 433 1785 473 oratione
1865 457 1889 477 a

118 517 265 556 contra
292 511 594 554 Androtionem
632 510 774 549 habita
710 506 841 586 «aq—'S
872 507 899 546 4
929 518 968 557 p.
999 505 1085 546 594
1123 505 1188 545 sic
1218 504 1440 543 describit.
1480 499 1575 543 ἔστι
1612 515 1787 558 γαρ-

116 572 317 636 τεχνὶτης
354 591 436 619 του
465 560 702 629 mmm
637 577 714 617 και
742 588 900 616 παντα
929 570 1011 615 τὸν
1039 573 1139 627 βίον
1179 567 1425 622 ἐσχόλακεν
1453 566 1522 612 ἔνι
1549 567 1692 611 τούτω
1710 569 1784 621 ¹¹)

82 689 85 692 .
118 653 174 695 cf.
197 664 238 701 p.
255 642 340 690 614
368 649 410 687 et
437 646 727 695 ¹749.1taque
758 656 838 684 non
861 645 1079 683 temerarie
1102 644 1390 692 Hermogenes
1420 641 1674 690 suspicatur,
1700 640 1787 679 De-

119 719 373 759 mosthenem
392 716 618 755 orationem
644 715 756 753 illam
779 713 883 754 satis
907 721 1115 761 superque
1130 720 1289 748 summa
1312 712 1402 748 arte
1419 710 1669 756 elaborasse,
1689 708 1788 756 quia

119 788 196 829 sibi
227 797 320 827 cum
351 787 564 826 Isocrateo
597 784 840 824 certandum
872 783 987 823 esset
1016 779 1096 832 (cf.
1127 779 1251 820 Walz
1280 779 1354 828 111,
1384 790 1424 829 p.
1458 777 1537 818 281
1572 789 1609 820 c.
1641 777 1787 819 scholi.

118 857 172 905 V,
192 855 292 895 513.
324 854 398 903 VI,
429 854 527 895 329.
560 853 806 901 v11,1o38.
839 850 894 891 cf.
926 851 1096 893 Ruhnk.
1127 849 1225 891 hist.
1257 849 1348 889 crit.
1375 860 1414 898 p.
1442 845 1537 896 74).
1575 847 1788 896 Eloquen-

117 924 217 963 tiam
254 922 374 971 quasi
410 920 707 960 hereditarium
743 920 893 959 donum
925 930 952 957 a
982 920 1099 968 patre
1135 917 1334 956 Androne
1368 917 1544 966 accepit,
1588 927 1707 965 quem
1746 915 1788 952 in
1864 934 1871 940 -ι

117 989 377 1041 philosophia
418 992 459 1028 et
496 991 584 1028 arte
624 989 835 1028 rhetorica
874 989 1084 1027 versatum
1113 987 1273 1046 apud
1276 986 1384 1046 Plat.
1424 987 1621 1035 Protag,
1630 984 1741 1033 315
1750 994 1788 1024 c.
1865 1015 1889 1034 ..

120 1059 245 1108 Gorg.
274 1057 358 1097 487
389 1068 426 1099 c.
452 1058 649 1106 reperies,
682 1060 723 1096 et
754 1057 821 1106 qui
851 1067 878 1095 a
903 1040 1106 1105 Harpocr.
1137 1067 1172 1096 s.
1203 1064 1243 1095 v,
1278 1041 1385 1092 unus
1418 1065 1471 1092 ex
1497 1053 1789 1101 Quadringen-

120 1128 175 1168 tis
206 1127 373 1168 dicitur.
419 1126 561 1166 Nostri
592 1126 859 1165 Androtionis
888 1127 1066 1164 aetatem
1098 1125 1177 1163 iam
1203 1122 1423 1162 Clintouus
1455 1125 1569 1161 recte
1597 1133 1652 1161 ex
1672 1122 1788 1161 nem.

118 1207 159 1245 p,
191 1195 275 1234 613
306 1194 487 1244 collegit,
518 1195 587 1233 ubi
619 1195 713 1243 plus
743 1195 867 1233 XXX
907 1205 1037 1232 annos
1074 1193 1115 1230 in
1147 1192 1317 1230 civitate
1350 1194 1542 1231 versatus
1576 1201 1669 1230 esse
1700 1189 1788 1228 ser-

119 1267 210 1312 tur3
243 1263 375 1301 oratio
404 1263 562 1312 scripta
592 1265 658 1302 est
688 1262 832 1313 (Dion.
865 1263 917 1301 ad
950 1264 1044 1302 Am.
1076 1272 1114 1310 p.
1147 1258 1256 1309 724)
1287 1272 1325 1301 a.
1357 1259 1454 1308 355,
1486 1270 1568 1309 qua
1598 1271 1644 1298 re
1676 1259 1789 1299 circa

121 1331 190 1373 01.
222 1327 495 1383 98314-386
526 1331 577 1369 ad
609 1331 901 1381 rempublicam
924 1331 1128 1378 accessit3
1159 1329 1407 1368 institutioni
1439 1330 1678 1367 Isocrateae
1710 1339 1789 1367 au-

120 1402 202 1439 tem
233 1419 288 1429 —
320 1409 427 1448 quae
464 1401 564 1438 ante
604 1401 760 1439 aditum
801 1401 852 1438 ad
886 1411 952 1438 res
983 1399 1193 1448 gerendas
1223 1398 1436 1447 praecedit
1467 1418 1522 1425 —
1558 1398 1634 1438 sub
1666 1396 1790 1436 finem

121 1468 187 1508 01.
219 1468 289 1516 97,
320 1477 359 1509 a.
385 1468 469 1506 390
488 1489 516 1493 —2
528 1468 613 1507 388
644 1467 879 1506 interfuerit
912 1477 993 1505 una
1032 1477 1125 1505 cum
1165 1466 1343 1515 quinque
1374 1467 1467 1515 illis,
1500 1476 1604 1515 quos
1644 1468 1787 1515 poste-

118 1537 253 1576 riores
284 1535 510 1584 discipulos
540 1536 626 1585 ipse
661 1536 857 1585 magister
887 1547 945 1576 or.
977 1535 1071 1584 XV,
1112 1535 1167 1573 93
1206 1535 1431 1576 recensuit.
1493 1534 1579 1573 Cur
1618 1535 1787 1573 Andro-

121 1604 270 1643 tionem
310 1615 359 1642 eo
399 1604 489 1642 loco
529 1604 691 1643 silentio
723 1604 993 1653 praeterierit,
1033 1614 1082 1642 ea
1118 1604 1215 1642 mihi
1254 1613 1385 1642 causa
1424 1603 1637 1652 probatur,
1679 1602 1786 1652 quod

120 1673 332 1712 Isocrates
362 1672 473 1711 viros
505 1672 616 1711 vitae
647 1674 849 1722 probitate
888 1672 1097 1721 praeditos
1127 1683 1263 1721 neque
1295 1674 1493 1710 bonorum
1525 1672 1679 1710 civium
1713 1682 1787 1709 ve-

119 1742 288 1779 xatores
316 1740 595 1789 perhibiturus
616 1739 707 1788 fuit,
738 1741 983 1788 quibuscum
1006 1740 1276 1778 Androtionis
1296 1740 1468 1778 rabulae
1493 1739 1645 1778 mentio
1673 1738 1789 1778 facta

121 1809 288 1847 minime
320 1807 594 1858 congruisset.
654 1809 835 1848 Accedit
864 1809 972 1857 quod
1001 1810 1088 1847 tum
1120 1809 1279 1848 duobus
1310 1809 1600 1848 Demosthenis
1631 1808 1788 1847 oratio-

121 1878 242 1917 nibus
273 1876 340 1928 (in
370 1877 503 1919 Andr.
536 1879 578 1915 et
606 1878 650 1915 in
680 1877 972 1928 Timocratem)
1016 1888 1054 1918 a.
1086 1877 1169 1917 355
1209 1881 1251 1917 et
1281 1879 1366 1917 352
1395 1879 1598 1917 acerrime
1635 1878 1788 1927 petitus

121 1947 242 1985 malis
272 1946 433 1985 artibus
463 1948 503 1985 et
532 1945 748 1985 fraudibus
774 1946 963 1994 detectis,
993 1947 1105 1995 apud
1137 1947 1331 1996 populum
1357 1948 1463 1985 male
1489 1947 1698 1992 audiebat,
1731 1950 1786 1993 et,

123 2014 232 2063 quod
272 2013 564 2059 contenderim,
605 2015 689 2051 tum
721 2015 800 2052 iam
840 2014 975 2063 patria
1011 2014 1215 2064 profugus
1245 2015 1465 2064 Megaram
1504 2025 1552 2053 se
1582 2024 1784 2063 suamque

120 2080 327 2120 fortunam
364 2081 607 2122 contulerat.
628 2079 703 2131 12]

258 2149 310 2191 V.
365 2144 815 2210 TifflMhffllSAEQQss
851 2149 976 2199 filius,
1016 2150 1296 2209 Atheniensis.
1354 2149 1408 2189 Ut
1446 2150 1592 2199 paucis
1625 2162 1680 2189 ex
1708 2150 1783 2188 ab·
1855 2163 1889 2190 ε

120 2217 348 2266 solvamus,
390 2227 495 2266 quae
530 2196 1030 2268 Pfundtiuzwphssssq,
1064 2219 1131 2258 cui
1169 2211 1376 2269 Sauppius
1414 2219 1455 2257 io
1488 2222 1645 2260 r.ecent
1684 2218 1712 2260 l.
1746 2228 1783 2259 c.
1804 2191 1815 2328 ἓ

118 2296 159 2334 p.
191 2284 273 2324 405
305 2286 545 2335 assentitur,
577 2287 699 2326 docte
731 2290 772 2327 et
809 2287 969 2326 erudite
1007 2288 1244 2337 illustravit,
1282 2289 1504 2327 tenendum
1547 2290 1609 2327 est
1645 2288 1783 2326 Timo-

120 2355 260 2393 theum
291 2354 386 2393 iude
415 2355 466 2393 ab
500 2355 563 2395 01.
599 2356 652 2393 99
685 2357 725 2394 ἰιι
753 2356 943 2394 isocratis
966 2355 1288 2396 familiaritatem
1314 2368 1362 2396 se
1383 2356 1644 2405 insinuasse;
1677 2338 1808 2405 quae.{

202 2494 204 2496 ’
262 2488 321 2531 ¹¹)
347 2492 393 2523 ad
426 2500 531 2533 quem
556 2491 674 2523 locum
700 2492 901 2525 scholiasta
934 2494 1025 2525 mira
1048 2493 1242 2527 inscientia
1267 2492 1508 2526 Androtionis
1534 2488 1782 2526 malas'artes

119 2546 312 2581 fraudandi
346 2554 392 2578 ex
430 2547 619 2581 Isocratea
655 2548 883 2582 institutione
914 2550 1068 2584 haustas
1110 2557 1197 2584 esse
1230 2551 1329 2583 ratus
1363 2544 1675 2589 annotavitjci'kov
1707 2547 1782 2596 γάρ

119 2601 231 2645 ἤλασε
254 2600 321 2636 τδν
344 2601 430 2646 βίον
451 2603 501 2641 εἲς
524 2602 565 2638 τό
590 2605 837 2651 καθορθῶσαι
859 2606 920 2646 τῆς
945 2602 1085 2646 α’πάτης
1109 2603 1175 2646 τήν
1196 2606 1344 2650 τέχνην·
1380 2601 1455 2638 ἔστι
1473 2603 1546 2652 γάρ
1573 2599 1682 2644 οὗτος
1706 2608 1783 2640 τῶν

118 2654 347 2705 Ἰσοκράτους
373 2655 529 2705 ἑταίρων
553 2657 742 2705 ἐπίσημος.

262 2716 322 2759 ¹²)
348 2718 402 2752 De
435 2718 660 2752 Androtione
687 2718 849 2755 Atthidis
875 2723 1064 2763 scriptore,
1090 2722 1148 2764 qui
1178 2721 1274 2756 idem
1309 2732 1388 2754 cum
1425 2722 1632 2766 demagogo
1659 2722 1717 2754 est
1744 2722 1779 2755 in

120 2772 238 2806 fronte
264 2777 400 2816 capitis·
423 2774 491 2808 1111
517 2775 753 2809 disseremus.
