1889 3015
900 43 966 88 54.

233 184 413 228 XXXV.
463 181 653 239 Anticles,
673 183 959 230 Atheniensis.
1027 185 1135 228 Eius
1160 185 1426 237 praeconium
1465 187 1508 228 in
1537 199 1596 231 or.
1627 188 1773 231 Isoor.

93 254 191 305 XV,
220 257 277 296 93
305 265 368 305 sq.
401 256 555 305 exstat,
583 254 774 305 idemque
802 255 901 295 mihi
932 265 999 306 ap.
1030 256 1187 298 Aesch.
1217 255 1251 305 1,
1280 254 1336 295 53
1362 253 1422 298 ὀἱ
1456 257 1551 309 165,
1582 267 1761 299 comme-

95 323 254 380 morari·
282 324 466 367 videtur.
533 316 773 379 Ἀντικλῆς
810 319 1008 365 Καλλίου
1045 318 1335 376 Εὐωνυμεύς·
1376 315 1507 373 οὗτος
1552 324 1641 379 μὲν
1679 315 1765 367 οὖν

94 386 292 433 ἄπεστιν
319 387 371 433 ἓν
398 385 542 450 Σοὶμῖῳ
570 386 686 445 μετὰ
714 390 804 433 τῶν
830 387 1099 449 κληρούχων.
1171 395 1234 434 De
1262 393 1537 439 stadiodromo
1557 397 1640 437 aIIo
1670 396 1769 437 eius·

95 461 273 503 nominis
310 461 370 514 (I,
403 459 511 513 15⁷)
553 462 715 502 minime
747 463 1028 513 cogitandum.
1098 464 1202 512 Quis
1237 465 1376 504 autem
1413 464 1607 505 Anticles
1634 464 1764 507 fuerit

93 531 178 581 ille,
215 531 337 572 cuius
371 541 525 572 servus
556 532 760 572 Eumares
794 541 862 582 ap.
902 533 1000 581 Lys.
1039 532 1157 582 XIII,
1188 532 1257 576 64.
1295 531 1352 576 cf.
1382 533 1478 584 VII,
1508 532 1536 573 4
1573 535 1763 584 vocatur,

94 600 192 640 sciri
207 599 290 639 iam
305 600 460 650 nequit.
492 601 553 640 De
581 600 782 642 archonte
805 601 975 642 Anticle
1000 601 1099 640 vide
1125 602 1310 650 Dionysii
1331 602 1385 643 de
1401 603 1496 645 Din.
1518 601 1604 644 iud.
1624 603 1674 652 ⁹3
1694 613 1771 653 ep.-

95 669 150 709 ad
181 670 318 721 Amm.
347 669 427 711 sub
457 667 596 713 finem.

232 738 432 780 XXXVI.
481 734 715 792 Philonides,
763 739 1044 789 Atheniensis,
1089 739 1341 790 Melitensis,
1382 740 1582 780 Onetor-is
1617 739 1762 783 frater.

95 809 159 850 De
194 807 285 848 eius
324 800 552 848 triremium
591 807 930 851 instruendarum
967 818 1136 848 munere
1166 819 1252 848 una
1281 818 1375 849 eum
1403 808 1535 849 fratre
1562 811 1763 860 suscepto

95 877 192 918 vide
224 877 400 919 Seeurk.
430 878 471 917 X
502 890 526 917 e
557 876 625 920 98.
685 878 796 928 lpse·
825 888 919 917 cum
957 878 1249 929 Demosthene,
1285 878 1523 930 Hegesippo
1561 879 1656 918 aliis
1683 889 1770 918 na·-

94 947 212 986 vium
240 946 417 997 pignora
446 946 576 996 dedit,
615 956 723 996 quae
752 946 949 986 Euboeae
989 946 1153 987 insulae
1187 947 1238 986 ab
1268 946 1591 989 Atheniensibus
1622 949 1764 988 mutuo

95 1016 221 1055 datae
250 1016 351 1056 sunt
379 1025 486 1054 anno
517 1015 603 1055 340
634 1014 717 1067 [cf.
747 1014 918 1056 Schaef.
948 1015 1064 1057 Dem.
1095 1016 1149 1065 11,
1179 1013 1313 1066 45a);
1345 1016 1400 1057 cf.
1430 1017 1459 1057 1.
1490 1027 1529 1059 c.
1558 1016 1629 1059 43.

234 1084 355 1123 Haec
383 1084 482 1124 sunt
511 1085 671 1134 merita,
702 1094 808 1134 quae
839 1084 957 1123 dives
979 1083 1047 1123 iile
1070 1084 1177 1124 civis
1203 1083 1257 1123 de
1280 1084 1417 1134 patria
1445 1086 1607 1135 meruit,
1641 1096 1763 1136 quam

96 1154 148 1193 ob
179 1164 266 1193 rem
296 1154 540 1193 coronatum
571 1165 664 1193 eum
695 1154 904 1194 Isocrates
933 1154 960 1193 1.
992 1163 1029 1195 c.
1061 1153 1256 1203 appellat.
1316 1153 1509 1203 Idemque
1540 1164 1568 1192 a
1597 1155 1766 1195 comicis

95 1222 290 1262 acerbius
320 1223 502 1261 vexatur
529 1223 577 1262 ob
609 1223 795 1273 corporis
826 1224 868 1261 et
896 1233 1052 1261 morum
1081 1221 1387 1262 deformitatem
1424 1225 1468 1263 et
1504 1221 1762 1266 foeditatem.

94 1291 290 1341 Inprimis
319 1292 608 1341 Theopompus
638 1292 680 1331 in
710 1291 974 1341 Aphrodisiis
1005 1290 1087 1342 (of.
1117 1291 1288 1342 Bergkii
1318 1292 1406 1335 rell.
1438 1302 1542 1334 eom.
1571 1294 1647 1334 att.
1676 1296 1764 1335 ant.

95 1371 135 1409 p.
168 1359 253 1398 400
283 1357 397 1408 sqq.)
428 1359 631 1398 hominem
661 1360 923 1399 libidinosum
956 1361 998 1399 et
1027 1359 1235 1398 abiectum
1265 1358 1464 1409 depinxit,
1494 1360 1563 1409 qui
1593 1373 1648 1401 ex
1676 1371 1767 1400 ma·-

96 1429 173 1468 tris
202 1439 308 1469 suae
339 1438 434 1468 cum
464 1429 582 1468 asino
613 1430 817 1469 connubio
848 1430 1020 1468 exortus
1058 1430 1252 1478 tanquam
1289 1429 1433 1468 asinus
1462 1429 1614 1470 rudere
1646 1428 1766 1469 vide-

96 1501 228 1547 retur,
260 1508 386 1547 quum
416 1498 469 1537 ab
493 1499 574 1537 alio
604 1498 762 1538 comico
792 1500 914 1547 poeta
932 1498 1118 1537 camelus
1141 1498 1190 1536 ob
1214 1497 1508 1547 turpitudinem
1530 1500 1767 1542 vocaretur.

95 1567 247 1616 Neque
285 1577 457 1616 prorsus
486 1567 680 1608 abiectus
717 1567 784 1607 vir
813 1567 1039 1616 putandus,
1076 1566 1225 1616 quippe
1256 1567 1326 1616 qui
1366 1567 1550 1617 corporis
1588 1568 1768 1617 quadam

97 1636 380 1676 crassitudine
409 1636 648 1687 ingeniique
680 1636 877 1676 tarditate
907 1637 947 1675 et
976 1635 1153 1675 stultitia
1182 1636 1315 1686 magis
1337 1646 1457 1685 quam
1484 1647 1638 1677 morum
1668 1648 1767 1688 pra-

95 1706 227 1745 vitate
265 1707 307 1745 et
345 1706 531 1756 nequitia
567 1706 799 1746 hominibus
836 1705 942 1746 risui
970 1704 1123 1757 fuerit3
1162 1706 1268 1744 haec
1306 1704 1414 1744 enim
1452 1706 1556 1746 vitia
1584 1707 1769 1746 nomines

97 1775 374 1823 detestantur,
403 1775 478 1826 illa
508 1786 611 1815 vero
642 1775 846 1816 derident.
1382 1762 1393 1770 ¹

237 1843 457 1885 XXXVII.
507 1840 751 1896 Philomelus,
780 1843 1066 1891 Paeaniensis‚
1096 1853 1216 1891 quem
1246 1843 1496 1891 Boeckhius,
1525 1844 1769 1883 Seeurkun-

98 1913 180 1951 den
212 1912 266 1960 II,
296 1912 366 1954 9⁰.
409 1910 465 1952 cf.
495 1923 536 1961 p.
566 1913 638 1962 24,
677 1913 951 1952 trierarchum
992 1911 1113 1961 eruit,
1148 1911 1262 1949 initio
1305 1912 1471 1961 quidem
1509 1911 1616 1950 bona
1656 1911 1768 1950 fama

97 1981 230 2031 inagis
262 1992 382 2031 quam
416 1981 573 2019 divitiis
603 1982 782 2032 fructus,
822 1982 932 2021 teste
962 1981 1089 2029 Lysia
1120 1992 1180 2021 or.
1211 1980 1327 2030 XIX,
1360 1981 1427 2031 15,
1457 1991 1563 2022 auno
1594 1982 1681 2021 387
1712 2004 1769 2012 —-

99 2061 220 2099 quem
250 2050 293 2087 in
323 2060 474 2087 annum
506 2050 636 2089 oratio
666 2051 740 2089 illa
782 2049 836 2089 de
876 2050 993 2089 bonis
1022 2049 1314 2099 Aristophanis
1344 2048 1503 2099 incidit,
1543 2048 1600 2092 cf.
1632 2050 1762 2088 Hoel-

98 2121 235 2159 soher.
267 2118 340 2160 vit.
372 2120 467 2167 Lys.
499 2130 539 2168 p.
571 2120 627 2158 93
659 2141 715 2148 -
744 2130 918 2159 uxorem
955 2119 1037 2158 iam
1077 2118 1268 2168 duxerat,
1300 2117 1442 2168 itaque
1482 2117 1662 2158 oratoria
1699 2118 1766 2157 in-

98 2188 260 2227 stitutio
299 2188 390 2227 eius
427 2189 620 2238 ponenda
658 2188 735 2228 sub
767 2188 928 2228 initium
965 2187 1031 2230 01.
1063 2187 1121 2227 9⁷
1150 2198 1258 2226 anno
1288 2187 1374 2228 392
1402 2198 1491 2238 sqq.
1550 2186 1644 2226 Una
1673 2196 1768 2227 cum

99 2257 397 2298 charmantide
425 2258 673 2298 Paeaniensi
713 2260 754 2297 et
784 2259 995 2297 Isocrateo
1034 2257 1102 2296 illo
1132 2257 1223 2296 loco
1257 2259 1298 2296 et
1326 2258 1436 2307 apud
1464 2256 1648 2299 Boeckh.
1675 2256 1711 2297 Ο
1736 2257 1772 2300 Ι.

98 2339 139 2369 n.
171 2329 256 2367 213
286 2327 463 2377 legitur3
494 2338 541 2366 re
571 2327 765 2366 familiari
789 2346 844 2355 —
873 2326 1085 2367 nescimus
1114 2336 1196 2375 qua
1225 2325 1386 2365 ratione
1414 2346 1472 2355 -
1501 2328 1640 2374 aucta,
1670 2325 1770 2364 Phi-

97 2397 273 2437 lomelus
304 2397 425 2437 dives
457 2397 498 2436 et
519 2396 669 2438 nobilis
689 2396 754 2436 vir
780 2395 920 2436 factus
943 2406 994 2435 ea
1018 2406 1190 2435 munera
1220 2398 1259 2436 et
1288 2393 1493 2435 beneficia
1521 2394 1564 2433 in
1594 2393 1771 2444 patriam

99 2466 288 2516 contulit,
318 2465 369 2505 ob
395 2475 503 2515 quae
527 2466 696 2515 publice
713 2467 935 2505 coronatus
953 2465 1004 2503 ab
1022 2465 1208 2505 Isocrate
1226 2465 1253 2505 l.
1271 2474 1309 2506 c.
1334 2465 1675 2503 commemoratur
1691 2461 1774 2513 (cf.

95 2535 312 2577 nemosth.
354 2545 414 2577 or.
454 2544 491 2577 c.
522 2534 630 2577 Μία.
666 2546 706 2586 p.
738 2534 836 2585 5⁷1,
868 2533 898 2584 5
933 2531 1054 2584 1⁷4).
1115 2532 1194 2574 Hic
1223 2532 1490 2581 Philomelus,
1529 2522 1774 2583 Philippicis

97 2603 210 2644 filius
241 2603 297 2647 cf.
327 2604 484 2660 Boeck.
517 2603 565 2646 C.
590 2606 623 2647 1.
654 2605 681 2646 l.
714 2615 750 2648 c.
781 2604 1067 2655 longaevitate
1097 2612 1232 2652 aeque
1269 2613 1322 2642 ac
1351 2614 1506 2642 morum
1534 2599 1773 2650 integritate

96 2674 294 2724 vitaeque
332 2673 536 2723 probitate
578 2685 684 2716 usus
713 2674 822 2714 inter
853 2685 923 2714 eos
954 2672 1047 2722 fuit,
1089 2672 1159 2723 qui
1189 2672 1432 2724 magistrum
1463 2671 1689 2719 Isocratem
1718 2670 1773 2719 ad

97 2744 275 2785 senilem
305 2754 436 2793 usque
467 2745 647 2783 aetatem
677 2755 838 2785 summe
870 2744 1078 2786 colebant.
1696 2735 1699 2738 ’

238 2812 480 2855 XXXVIII.
527 2808 825 2867 (ibat-mantum,
856 2811 1142 2857 Paeaniensis.
1185 2812 1331 2853 Pauca
1360 2811 1472 2862 sunt,
1503 2819 1611 2860 quae
1643 2809 1695 2850 de
1727 2819 1776 2850 eo
