<?xml version="1.0" encoding="UTF-8"?>
<!DOCTYPE html PUBLIC "-//W3C//DTD XHTML 1.0 Transitional//EN"
    "http://www.w3.org/TR/xhtml1/DTD/xhtml1-transitional.dtd">
<html xmlns="http://www.w3.org/1999/xhtml" xml:lang="en" lang="en">
 <head>
  <title>
</title>
<meta http-equiv="Content-Type" content="text/html;charset=utf-8" />
  <meta name='ocr-system' content='tesseract 3.04.00' />
  <meta name='ocr-capabilities' content='ocr_page ocr_carea ocr_par ocr_line ocrx_word'/>
</head>
<body>
  <div class='ocr_page' id='page_1' title='image "4737169_0061.png"; bbox 0 0 1889 3015; ppageno 0'>
   <div class='ocr_carea' id='block_1_1' title="bbox 912 61 972 106">
    <p class='ocr_par' dir='ltr' id='par_1_1' title="bbox 912 61 972 106">
     <span class='ocr_line' id='line_1_1' title="bbox 912 61 972 106; baseline 0 0"><span class='ocrx_word' id='word_1_1' title='bbox 912 61 972 106; x_wconf 82' lang='lat'><strong>50</strong></span> 
     </span>
    </p>
   </div>
   <div class='ocr_carea' id='block_1_2' title="bbox 840 119 1045 129">
    <p class='ocr_par' dir='ltr' id='par_1_2' title="bbox 840 119 1045 129">
     <span class='ocr_line' id='line_1_2' title="bbox 840 119 1045 129; baseline 0 0"><span class='ocrx_word' id='word_1_2' title='bbox 840 119 1045 129; x_wconf 95' lang='lat' dir='ltr'><strong> </strong></span> 
     </span>
    </p>
   </div>
   <div class='ocr_carea' id='block_1_3' title="bbox 78 195 1774 1427">
    <p class='ocr_par' dir='ltr' id='par_1_3' title="bbox 78 195 1774 1427">
     <span class='ocr_line' id='line_1_3' title="bbox 109 195 1774 259; baseline 0.005 -18"><span class='ocrx_word' id='word_1_3' title='bbox 109 202 436 252; x_wconf 79' lang='lat' dir='ltr'><strong>distinguuntur.</strong></span> <span class='ocrx_word' id='word_1_4' title='bbox 464 202 722 252; x_wconf 75' lang='lat' dir='ltr'><strong>Astydamas</strong></span> <span class='ocrx_word' id='word_1_5' title='bbox 737 202 868 243; x_wconf 88' lang='lat' dir='ltr'><strong>maior</strong></span> <span class='ocrx_word' id='word_1_6' title='bbox 893 195 993 243; x_wconf 84' lang='lat' dir='ltr'><strong>natu</strong></span> <span class='ocrx_word' id='word_1_7' title='bbox 1008 203 1192 244; x_wconf 89' lang='lat' dir='ltr'><strong>Morsimi</strong></span> <span class='ocrx_word' id='word_1_8' title='bbox 1215 203 1246 258; x_wconf 72' lang='lat' dir='ltr'><strong>f.</strong></span> <span class='ocrx_word' id='word_1_9' title='bbox 1267 206 1467 257; x_wconf 72' lang='lat' dir='ltr'><strong>Aeschyli</strong></span> <span class='ocrx_word' id='word_1_10' title='bbox 1488 207 1669 258; x_wconf 75' lang='lat' dir='ltr'><strong>abnepos</strong></span> <span class='ocrx_word' id='word_1_11' title='bbox 1693 205 1774 259; x_wconf 78' lang='lat' dir='ltr'><strong>(cf.</strong></span> 
     </span>
     <span class='ocr_line' id='line_1_4' title="bbox 108 266 1772 334; baseline 0.001 -23"><span class='ocrx_word' id='word_1_12' title='bbox 108 272 227 312; x_wconf 82' lang='lat' dir='ltr'><strong>Suid.</strong></span> <span class='ocrx_word' id='word_1_13' title='bbox 243 283 278 334; x_wconf 83' lang='lat' dir='ltr'><strong>s.</strong></span> <span class='ocrx_word' id='word_1_14' title='bbox 295 282 338 314; x_wconf 88' lang='lat' dir='ltr'><strong>v.</strong></span> <span class='ocrx_word' id='word_1_15' title='bbox 358 266 613 325; x_wconf 77' lang='grc' dir='ltr'><strong>Φιλοκλῆς),</strong></span> <span class='ocrx_word' id='word_1_16' title='bbox 623 272 840 312; x_wconf 90' lang='lat' dir='ltr'><strong>Welckeri</strong></span> <span class='ocrx_word' id='word_1_17' title='bbox 856 272 1058 323; x_wconf 71' lang='lat' dir='ltr'><strong>probabili</strong></span> <span class='ocrx_word' id='word_1_18' title='bbox 1075 273 1313 312; x_wconf 85' lang='lat' dir='ltr'><strong>coniectura</strong></span> <span class='ocrx_word' id='word_1_19' title='bbox 1326 284 1370 324; x_wconf 89' lang='lat' dir='ltr'><strong>p.</strong></span> <span class='ocrx_word' id='word_1_20' title='bbox 1390 269 1500 315; x_wconf 74' lang='lat'><strong>1053</strong></span> <span class='ocrx_word' id='word_1_21' title='bbox 1517 268 1591 330; x_wconf 87' lang='grc' dir='ltr'><strong>ρμ’</strong></span> <span class='ocrx_word' id='word_1_22' title='bbox 1603 277 1772 327; x_wconf 76' lang='lat' dir='ltr'><strong>tragoe-</strong></span> 
     </span>
     <span class='ocr_line' id='line_1_5' title="bbox 108 334 1774 397; baseline 0.004 -18"><span class='ocrx_word' id='word_1_23' title='bbox 108 340 271 379; x_wconf 78' lang='lat' dir='ltr'><strong>diarum</strong></span> <span class='ocrx_word' id='word_1_24' title='bbox 290 339 483 391; x_wconf 81' lang='lat' dir='ltr'><strong>scriptor,</strong></span> <span class='ocrx_word' id='word_1_25' title='bbox 507 334 558 381; x_wconf 82' lang='grc' dir='ltr'><strong>ιε’</strong></span> <span class='ocrx_word' id='word_1_26' title='bbox 577 340 846 381; x_wconf 73' lang='lat' dir='ltr'><strong>certaminum</strong></span> <span class='ocrx_word' id='word_1_27' title='bbox 864 341 997 381; x_wconf 88' lang='lat' dir='ltr'><strong>victor</strong></span> <span class='ocrx_word' id='word_1_28' title='bbox 1012 340 1282 381; x_wconf 81' lang='lat' dir='ltr'><strong>renunciatus</strong></span> <span class='ocrx_word' id='word_1_29' title='bbox 1300 352 1458 382; x_wconf 88' lang='lat' dir='ltr'><strong>summa</strong></span> <span class='ocrx_word' id='word_1_30' title='bbox 1475 343 1599 385; x_wconf 88' lang='lat' dir='ltr'><strong>laude</strong></span> <span class='ocrx_word' id='word_1_31' title='bbox 1621 344 1774 397; x_wconf 79' lang='lat' dir='ltr'><strong>dignus</strong></span> 
     </span>
     <span class='ocr_line' id='line_1_6' title="bbox 107 399 1772 467; baseline 0.004 -19"><span class='ocrx_word' id='word_1_32' title='bbox 107 409 345 459; x_wconf 88' lang='lat' dir='ltr'><strong>videbatur,</strong></span> <span class='ocrx_word' id='word_1_33' title='bbox 372 410 495 449; x_wconf 90' lang='lat' dir='ltr'><strong>cuius</strong></span> <span class='ocrx_word' id='word_1_34' title='bbox 517 410 741 455; x_wconf 72' lang='lat' dir='ltr'><strong>insolentia</strong></span> <span class='ocrx_word' id='word_1_35' title='bbox 763 411 1043 457; x_wconf 74' lang='lat' dir='ltr'><strong>Athenienses</strong></span> <span class='ocrx_word' id='word_1_36' title='bbox 1066 409 1208 463; x_wconf 81' lang='lat' dir='ltr'><strong>(Suid.</strong></span> <span class='ocrx_word' id='word_1_37' title='bbox 1237 424 1271 453; x_wconf 88' lang='lat' dir='ltr'><strong>s.</strong></span> <span class='ocrx_word' id='word_1_38' title='bbox 1294 422 1334 454; x_wconf 84' lang='grc' dir='ltr'><strong>ν.</strong></span> <span class='ocrx_word' id='word_1_39' title='bbox 1360 399 1530 452; x_wconf 77' lang='grc' dir='ltr'><strong><em>σαυτὸν</em></strong></span> <span class='ocrx_word' id='word_1_40' title='bbox 1549 407 1772 467; x_wconf 69' lang='grc' dir='ltr'><strong><em>ἐπαινεῖς)</em></strong></span> 
     </span>
     <span class='ocr_line' id='line_1_7' title="bbox 104 469 1770 531; baseline 0.004 -14"><span class='ocrx_word' id='word_1_41' title='bbox 104 479 281 528; x_wconf 86' lang='lat' dir='ltr'><strong>permoti</strong></span> <span class='ocrx_word' id='word_1_42' title='bbox 310 479 362 518; x_wconf 84' lang='lat' dir='ltr'><strong>ab</strong></span> <span class='ocrx_word' id='word_1_43' title='bbox 392 479 558 529; x_wconf 89' lang='lat' dir='ltr'><strong>incepto</strong></span> <span class='ocrx_word' id='word_1_44' title='bbox 585 476 808 519; x_wconf 85' lang='lat' dir='ltr'><strong>honorifico</strong></span> <span class='ocrx_word' id='word_1_45' title='bbox 837 481 1003 520; x_wconf 86' lang='lat' dir='ltr'><strong>statuae</strong></span> <span class='ocrx_word' id='word_1_46' title='bbox 1016 479 1057 518; x_wconf 90' lang='lat' dir='ltr'><strong>in</strong></span> <span class='ocrx_word' id='word_1_47' title='bbox 1080 477 1241 519; x_wconf 82' lang='lat' dir='ltr'><strong>theatro</strong></span> <span class='ocrx_word' id='word_1_48' title='bbox 1265 480 1477 531; x_wconf 84' lang='lat' dir='ltr'><strong>ponendae</strong></span> <span class='ocrx_word' id='word_1_49' title='bbox 1504 469 1770 524; x_wconf 78' lang='lat' dir='ltr'><strong>desistebant.</strong></span> 
     </span>
     <span class='ocr_line' id='line_1_8' title="bbox 105 540 1772 608; baseline 0.004 -22"><span class='ocrx_word' id='word_1_50' title='bbox 105 547 188 587; x_wconf 85' lang='lat' dir='ltr'><strong>Hic</strong></span> <span class='ocrx_word' id='word_1_51' title='bbox 224 540 566 603; x_wconf 71' lang='grc' dir='ltr'><strong><em>ἄκροασοῖμενος</em></strong></span> <span class='ocrx_word' id='word_1_52' title='bbox 602 543 642 587; x_wconf 82' lang='grc' dir='ltr'><strong>δ’</strong></span> <span class='ocrx_word' id='word_1_53' title='bbox 683 540 739 603; x_wconf 78' lang='grc' dir='ltr'><strong>ἦν</strong></span> <span class='ocrx_word' id='word_1_54' title='bbox 771 540 1054 602; x_wconf 73' lang='grc' dir='ltr'><strong><em>Ἰσοκράτους</em></strong></span> <span class='ocrx_word' id='word_1_55' title='bbox 1093 547 1170 588; x_wconf 78' lang='grc' dir='ltr'><strong>καὶ</strong></span> <span class='ocrx_word' id='word_1_56' title='bbox 1199 543 1373 604; x_wconf 68' lang='grc' dir='ltr'><strong><em>ἐτράπη</em></strong></span> <span class='ocrx_word' id='word_1_57' title='bbox 1411 544 1488 590; x_wconf 72' lang='grc' dir='ltr'><strong>ἐπὶ</strong></span> <span class='ocrx_word' id='word_1_58' title='bbox 1515 546 1772 608; x_wconf 73' lang='grc' dir='ltr'><strong><em>τραγῳδίαν</em></strong></span> 
     </span>
     <span class='ocr_line' id='line_1_9' title="bbox 104 607 1771 670; baseline 0.003 -15"><span class='ocrx_word' id='word_1_59' title='bbox 104 619 214 657; x_wconf 87' lang='lat' dir='ltr'><strong>teste</strong></span> <span class='ocrx_word' id='word_1_60' title='bbox 242 617 377 657; x_wconf 84' lang='lat' dir='ltr'><strong>Suida</strong></span> <span class='ocrx_word' id='word_1_61' title='bbox 405 629 440 661; x_wconf 84' lang='lat' dir='ltr'><strong>s.</strong></span> <span class='ocrx_word' id='word_1_62' title='bbox 471 628 513 660; x_wconf 91' lang='lat' dir='ltr'><strong>v.</strong></span> <span class='ocrx_word' id='word_1_63' title='bbox 559 619 619 657; x_wconf 88' lang='lat' dir='ltr'><strong>At</strong></span> <span class='ocrx_word' id='word_1_64' title='bbox 648 628 703 657; x_wconf 87' lang='lat' dir='ltr'><strong>ex</strong></span> <span class='ocrx_word' id='word_1_65' title='bbox 732 627 861 657; x_wconf 88' lang='lat' dir='ltr'><strong>versu</strong></span> <span class='ocrx_word' id='word_1_66' title='bbox 890 617 945 657; x_wconf 86' lang='lat'><strong>80</strong></span> <span class='ocrx_word' id='word_1_67' title='bbox 977 618 1018 657; x_wconf 89' lang='lat' dir='ltr'><strong>in</strong></span> <span class='ocrx_word' id='word_1_68' title='bbox 1049 618 1256 657; x_wconf 77' lang='lat' dir='ltr'><strong>Marmore</strong></span> <span class='ocrx_word' id='word_1_69' title='bbox 1287 619 1411 658; x_wconf 88' lang='lat' dir='ltr'><strong>Pario</strong></span> <span class='ocrx_word' id='word_1_70' title='bbox 1442 632 1495 659; x_wconf 83' lang='lat' dir='ltr'><strong>ex</strong></span> <span class='ocrx_word' id='word_1_71' title='bbox 1514 619 1635 662; x_wconf 87' lang='lat' dir='ltr'><strong>Diod.</strong></span> <span class='ocrx_word' id='word_1_72' title='bbox 1654 607 1771 670; x_wconf 74' lang='lat' dir='ltr'><strong>XIV,</strong></span> 
     </span>
     <span class='ocr_line' id='line_1_10' title="bbox 105 685 1770 739; baseline 0.002 -15"><span class='ocrx_word' id='word_1_73' title='bbox 105 685 162 724; x_wconf 78' lang='lat'><strong>43</strong></span> <span class='ocrx_word' id='word_1_74' title='bbox 192 686 408 736; x_wconf 81' lang='lat' dir='ltr'><strong>ingeniose</strong></span> <span class='ocrx_word' id='word_1_75' title='bbox 446 686 640 727; x_wconf 87' lang='lat' dir='ltr'><strong>restituto</strong></span> <span class='ocrx_word' id='word_1_76' title='bbox 675 686 936 737; x_wconf 83' lang='lat' dir='ltr'><strong>intelligitur,</strong></span> <span class='ocrx_word' id='word_1_77' title='bbox 977 697 1069 726; x_wconf 90' lang='lat' dir='ltr'><strong>eum</strong></span> <span class='ocrx_word' id='word_1_78' title='bbox 1110 687 1176 728; x_wconf 87' lang='grc'><strong>01.</strong></span> <span class='ocrx_word' id='word_1_79' title='bbox 1207 685 1276 734; x_wconf 81' lang='grc'><strong>95,</strong></span> <span class='ocrx_word' id='word_1_80' title='bbox 1306 688 1333 726; x_wconf 83' lang='grc'><strong>2</strong></span> <span class='ocrx_word' id='word_1_81' title='bbox 1363 699 1420 725; x_wconf 89' lang='lat'><strong><em>=</em></strong></span> <span class='ocrx_word' id='word_1_82' title='bbox 1459 688 1545 736; x_wconf 76' lang='lat'><strong>398</strong></span> <span class='ocrx_word' id='word_1_83' title='bbox 1573 688 1653 727; x_wconf 88' lang='lat' dir='ltr'><strong>iam</strong></span> <span class='ocrx_word' id='word_1_84' title='bbox 1686 688 1770 739; x_wconf 86' lang='lat' dir='ltr'><strong>pri-</strong></span> 
     </span>
     <span class='ocr_line' id='line_1_11' title="bbox 104 754 1769 808; baseline 0.002 -15"><span class='ocrx_word' id='word_1_85' title='bbox 104 765 194 793; x_wconf 89' lang='lat' dir='ltr'><strong>mas</strong></span> <span class='ocrx_word' id='word_1_86' title='bbox 231 754 397 794; x_wconf 84' lang='lat' dir='ltr'><strong>fabulas</strong></span> <span class='ocrx_word' id='word_1_87' title='bbox 428 755 637 804; x_wconf 86' lang='lat' dir='ltr'><strong>docuisse,</strong></span> <span class='ocrx_word' id='word_1_88' title='bbox 677 766 759 805; x_wconf 87' lang='lat' dir='ltr'><strong>quo</strong></span> <span class='ocrx_word' id='word_1_89' title='bbox 800 757 981 805; x_wconf 89' lang='lat' dir='ltr'><strong>tempore</strong></span> <span class='ocrx_word' id='word_1_90' title='bbox 1020 755 1165 794; x_wconf 88' lang='lat' dir='ltr'><strong>schola</strong></span> <span class='ocrx_word' id='word_1_91' title='bbox 1203 754 1380 795; x_wconf 87' lang='lat' dir='ltr'><strong>Athenis</strong></span> <span class='ocrx_word' id='word_1_92' title='bbox 1415 756 1593 795; x_wconf 85' lang='lat' dir='ltr'><strong>nondum</strong></span> <span class='ocrx_word' id='word_1_93' title='bbox 1625 759 1769 808; x_wconf 88' lang='lat' dir='ltr'><strong>aperta</strong></span> 
     </span>
     <span class='ocr_line' id='line_1_12' title="bbox 104 823 1768 874; baseline 0.001 -11"><span class='ocrx_word' id='word_1_94' title='bbox 104 825 208 866; x_wconf 88' lang='lat' dir='ltr'><strong>erat.</strong></span> <span class='ocrx_word' id='word_1_95' title='bbox 246 824 397 874; x_wconf 85' lang='lat' dir='ltr'><strong>Neque</strong></span> <span class='ocrx_word' id='word_1_96' title='bbox 426 823 653 864; x_wconf 85' lang='lat' dir='ltr'><strong>verisimile</strong></span> <span class='ocrx_word' id='word_1_97' title='bbox 683 827 758 874; x_wconf 86' lang='lat' dir='ltr'><strong>est,</strong></span> <span class='ocrx_word' id='word_1_98' title='bbox 796 835 887 864; x_wconf 91' lang='lat' dir='ltr'><strong>eum</strong></span> <span class='ocrx_word' id='word_1_99' title='bbox 918 823 1026 863; x_wconf 82' lang='lat' dir='ltr'><strong>inter</strong></span> <span class='ocrx_word' id='word_1_100' title='bbox 1054 824 1196 865; x_wconf 88' lang='lat' dir='ltr'><strong>studia</strong></span> <span class='ocrx_word' id='word_1_101' title='bbox 1225 824 1460 864; x_wconf 81' lang='lat' dir='ltr'><strong>fabularum</strong></span> <span class='ocrx_word' id='word_1_102' title='bbox 1489 823 1768 865; x_wconf 88' lang='lat' dir='ltr'><strong>docendarum</strong></span> 
     </span>
     <span class='ocr_line' id='line_1_13' title="bbox 102 892 1768 946; baseline 0.001 -15"><span class='ocrx_word' id='word_1_103' title='bbox 102 892 344 942; x_wconf 89' lang='lat' dir='ltr'><strong>quotidiano</strong></span> <span class='ocrx_word' id='word_1_104' title='bbox 374 893 573 933; x_wconf 83' lang='lat' dir='ltr'><strong>Isocratis</strong></span> <span class='ocrx_word' id='word_1_105' title='bbox 593 903 677 933; x_wconf 85' lang='lat' dir='ltr'><strong>usu</strong></span> <span class='ocrx_word' id='word_1_106' title='bbox 704 892 886 933; x_wconf 79' lang='lat' dir='ltr'><strong>fructum</strong></span> <span class='ocrx_word' id='word_1_107' title='bbox 917 903 1027 942; x_wconf 87' lang='lat' dir='ltr'><strong>esse,</strong></span> <span class='ocrx_word' id='word_1_108' title='bbox 1056 893 1195 943; x_wconf 87' lang='lat' dir='ltr'><strong>potius</strong></span> <span class='ocrx_word' id='word_1_109' title='bbox 1227 892 1445 943; x_wconf 84' lang='lat' dir='ltr'><strong>disciplina</strong></span> <span class='ocrx_word' id='word_1_110' title='bbox 1474 893 1565 933; x_wconf 88' lang='lat' dir='ltr'><strong>eius</strong></span> <span class='ocrx_word' id='word_1_111' title='bbox 1590 895 1768 946; x_wconf 82' lang='lat' dir='ltr'><strong>oratoria</strong></span> 
     </span>
     <span class='ocr_line' id='line_1_14' title="bbox 101 960 1768 1013; baseline 0.002 -13"><span class='ocrx_word' id='word_1_112' title='bbox 101 963 202 1001; x_wconf 88' lang='lat' dir='ltr'><strong>ante</strong></span> <span class='ocrx_word' id='word_1_113' title='bbox 241 962 400 1001; x_wconf 86' lang='lat' dir='ltr'><strong>aditum</strong></span> <span class='ocrx_word' id='word_1_114' title='bbox 420 960 490 1001; x_wconf 79' lang='lat' dir='ltr'><strong>&#39;ad</strong></span> <span class='ocrx_word' id='word_1_115' title='bbox 528 962 731 1013; x_wconf 81' lang='lat' dir='ltr'><strong>tragicam</strong></span> <span class='ocrx_word' id='word_1_116' title='bbox 761 964 891 1001; x_wconf 87' lang='lat' dir='ltr'><strong>artem</strong></span> <span class='ocrx_word' id='word_1_117' title='bbox 928 962 1121 1011; x_wconf 84' lang='lat' dir='ltr'><strong>ponenda</strong></span> <span class='ocrx_word' id='word_1_118' title='bbox 1162 965 1226 1001; x_wconf 85' lang='lat' dir='ltr'><strong>est</strong></span> <span class='ocrx_word' id='word_1_119' title='bbox 1255 962 1307 1001; x_wconf 90' lang='lat' dir='ltr'><strong>iis</strong></span> <span class='ocrx_word' id='word_1_120' title='bbox 1336 962 1472 1012; x_wconf 88' lang='lat' dir='ltr'><strong>annis,</strong></span> <span class='ocrx_word' id='word_1_121' title='bbox 1511 973 1613 1012; x_wconf 90' lang='lat' dir='ltr'><strong>quos</strong></span> <span class='ocrx_word' id='word_1_122' title='bbox 1650 966 1768 1003; x_wconf 84' lang='lat' dir='ltr'><strong>recte</strong></span> 
     </span>
     <span class='ocr_line' id='line_1_15' title="bbox 101 1024 1768 1082; baseline 0.002 -13"><span class='ocrx_word' id='word_1_123' title='bbox 101 1030 319 1081; x_wconf 82' lang='lat' dir='ltr'><strong>Koepkius</strong></span> <span class='ocrx_word' id='word_1_124' title='bbox 359 1029 591 1082; x_wconf 84' lang='lat' dir='ltr'><strong>(Zeitschr.</strong></span> <span class='ocrx_word' id='word_1_125' title='bbox 622 1030 652 1074; x_wconf 87' lang='lat' dir='ltr'><strong>f.</strong></span> <span class='ocrx_word' id='word_1_126' title='bbox 683 1031 770 1074; x_wconf 84' lang='lat' dir='ltr'><strong>Alt.</strong></span> <span class='ocrx_word' id='word_1_127' title='bbox 800 1031 872 1074; x_wconf 89' lang='lat' dir='ltr'><strong>W.</strong></span> <span class='ocrx_word' id='word_1_128' title='bbox 906 1029 1016 1070; x_wconf 83' lang='grc'>1840</span> <span class='ocrx_word' id='word_1_129' title='bbox 1045 1041 1086 1080; x_wconf 86' lang='lat' dir='ltr'><strong>p.</strong></span> <span class='ocrx_word' id='word_1_130' title='bbox 1117 1030 1202 1070; x_wconf 82' lang='grc'><strong>477</strong></span> <span class='ocrx_word' id='word_1_131' title='bbox 1231 1027 1344 1081; x_wconf 85' lang='lat' dir='ltr'><strong>sqq.)</strong></span> <span class='ocrx_word' id='word_1_132' title='bbox 1382 1031 1425 1070; x_wconf 89' lang='lat' dir='ltr'><strong>in</strong></span> <span class='ocrx_word' id='word_1_133' title='bbox 1463 1024 1534 1070; x_wconf 86' lang='lat' dir='ltr'><strong>illo</strong></span> <span class='ocrx_word' id='word_1_134' title='bbox 1572 1031 1768 1082; x_wconf 88' lang='lat' dir='ltr'><strong>temporis</strong></span> 
     </span>
     <span class='ocr_line' id='line_1_16' title="bbox 101 1099 1767 1155; baseline 0.001 -17"><span class='ocrx_word' id='word_1_135' title='bbox 101 1100 238 1148; x_wconf 83' lang='lat' dir='ltr'><strong>spatio</strong></span> <span class='ocrx_word' id='word_1_136' title='bbox 278 1099 516 1149; x_wconf 83' lang='lat' dir='ltr'><strong>collocavit,</strong></span> <span class='ocrx_word' id='word_1_137' title='bbox 547 1109 627 1149; x_wconf 84' lang='lat' dir='ltr'><strong>quo</strong></span> <span class='ocrx_word' id='word_1_138' title='bbox 663 1101 872 1140; x_wconf 83' lang='lat' dir='ltr'><strong>Isocrates</strong></span> <span class='ocrx_word' id='word_1_139' title='bbox 901 1099 975 1137; x_wconf 87' lang='lat' dir='ltr'><strong>XL</strong></span> <span class='ocrx_word' id='word_1_140' title='bbox 1005 1108 1136 1137; x_wconf 87' lang='lat' dir='ltr'><strong>annos</strong></span> <span class='ocrx_word' id='word_1_141' title='bbox 1166 1100 1288 1155; x_wconf 85' lang='lat' dir='ltr'><strong>natus</strong></span> <span class='ocrx_word' id='word_1_142' title='bbox 1319 1099 1495 1139; x_wconf 85' lang='lat' dir='ltr'><strong>Athenis</strong></span> <span class='ocrx_word' id='word_1_143' title='bbox 1524 1100 1767 1151; x_wconf 73' lang='lat' dir='ltr'><strong>magistrum</strong></span> 
     </span>
     <span class='ocr_line' id='line_1_17' title="bbox 100 1167 1766 1218; baseline 0.001 -11"><span class='ocrx_word' id='word_1_144' title='bbox 100 1179 150 1208; x_wconf 89' lang='lat' dir='ltr'><strong>se</strong></span> <span class='ocrx_word' id='word_1_145' title='bbox 181 1167 402 1210; x_wconf 85' lang='lat' dir='ltr'><strong>confessus</strong></span> <span class='ocrx_word' id='word_1_146' title='bbox 427 1170 506 1212; x_wconf 88' lang='lat' dir='ltr'><strong>est.</strong></span> <span class='ocrx_word' id='word_1_147' title='bbox 564 1170 659 1211; x_wconf 72' lang='lat' dir='ltr'><strong>,lam</strong></span> <span class='ocrx_word' id='word_1_148' title='bbox 682 1169 805 1209; x_wconf 87' lang='lat' dir='ltr'><strong>vides</strong></span> <span class='ocrx_word' id='word_1_149' title='bbox 832 1169 968 1208; x_wconf 88' lang='lat' dir='ltr'><strong>notam</strong></span> <span class='ocrx_word' id='word_1_150' title='bbox 992 1167 1151 1207; x_wconf 87' lang='lat' dir='ltr'><strong>Suidae</strong></span> <span class='ocrx_word' id='word_1_151' title='bbox 1173 1167 1225 1206; x_wconf 88' lang='lat' dir='ltr'><strong>ad</strong></span> <span class='ocrx_word' id='word_1_152' title='bbox 1258 1167 1455 1208; x_wconf 85' lang='lat' dir='ltr'><strong>maiorem</strong></span> <span class='ocrx_word' id='word_1_153' title='bbox 1483 1169 1766 1218; x_wconf 78' lang='lat' dir='ltr'><strong>Astydaman-</strong></span> 
     </span>
     <span class='ocr_line' id='line_1_18' title="bbox 78 1236 1766 1289; baseline 0.001 -13"><span class='ocrx_word' id='word_1_154' title='bbox 78 1240 184 1277; x_wconf 85' lang='lat' dir='ltr'><strong>-tem</strong></span> <span class='ocrx_word' id='word_1_155' title='bbox 215 1236 367 1277; x_wconf 86' lang='lat' dir='ltr'><strong>iniuria</strong></span> <span class='ocrx_word' id='word_1_156' title='bbox 396 1237 558 1288; x_wconf 78' lang='lat' dir='ltr'><strong>referri,</strong></span> <span class='ocrx_word' id='word_1_157' title='bbox 595 1238 671 1279; x_wconf 90' lang='lat' dir='ltr'><strong>sed</strong></span> <span class='ocrx_word' id='word_1_158' title='bbox 701 1238 911 1289; x_wconf 87' lang='lat' dir='ltr'><strong>pertinere</strong></span> <span class='ocrx_word' id='word_1_159' title='bbox 941 1236 994 1276; x_wconf 90' lang='lat' dir='ltr'><strong>ad</strong></span> <span class='ocrx_word' id='word_1_160' title='bbox 1026 1236 1226 1276; x_wconf 86' lang='lat' dir='ltr'><strong>minorem</strong></span> <span class='ocrx_word' id='word_1_161' title='bbox 1255 1237 1553 1289; x_wconf 84' lang='lat' dir='ltr'><strong>insequentem,</strong></span> <span class='ocrx_word' id='word_1_162' title='bbox 1585 1238 1625 1277; x_wconf 89' lang='lat' dir='ltr'><strong>id</strong></span> <span class='ocrx_word' id='word_1_163' title='bbox 1657 1239 1766 1289; x_wconf 81' lang='lat' dir='ltr'><strong>quod</strong></span> 
     </span>
     <span class='ocr_line' id='line_1_19' title="bbox 99 1306 1767 1358; baseline 0.001 -13"><span class='ocrx_word' id='word_1_164' title='bbox 99 1307 349 1356; x_wconf 85' lang='lat' dir='ltr'><strong>Bernhardy</strong></span> <span class='ocrx_word' id='word_1_165' title='bbox 377 1308 466 1358; x_wconf 89' lang='lat' dir='ltr'><strong>ipse</strong></span> <span class='ocrx_word' id='word_1_166' title='bbox 495 1309 643 1350; x_wconf 85' lang='lat' dir='ltr'><strong>voluit.</strong></span> <span class='ocrx_word' id='word_1_167' title='bbox 703 1308 850 1357; x_wconf 89' lang='lat' dir='ltr'><strong>Neque</strong></span> <span class='ocrx_word' id='word_1_168' title='bbox 881 1306 1038 1345; x_wconf 84' lang='lat' dir='ltr'><strong>librarii</strong></span> <span class='ocrx_word' id='word_1_169' title='bbox 1066 1317 1142 1356; x_wconf 89' lang='lat' dir='ltr'><strong>per</strong></span> <span class='ocrx_word' id='word_1_170' title='bbox 1172 1317 1352 1346; x_wconf 86' lang='lat' dir='ltr'><strong>errorem</strong></span> <span class='ocrx_word' id='word_1_171' title='bbox 1380 1306 1488 1347; x_wconf 83' lang='lat' dir='ltr'><strong>falso</strong></span> <span class='ocrx_word' id='word_1_172' title='bbox 1517 1307 1606 1346; x_wconf 89' lang='lat' dir='ltr'><strong>loco</strong></span> <span class='ocrx_word' id='word_1_173' title='bbox 1637 1307 1767 1347; x_wconf 86' lang='lat' dir='ltr'><strong>verba</strong></span> 
     </span>
     <span class='ocr_line' id='line_1_20' title="bbox 98 1374 1765 1427; baseline 0 -12"><span class='ocrx_word' id='word_1_174' title='bbox 98 1376 175 1415; x_wconf 88' lang='lat' dir='ltr'><strong>illa</strong></span> <span class='ocrx_word' id='word_1_175' title='bbox 197 1376 242 1415; x_wconf 87' lang='lat' dir='ltr'><strong>in</strong></span> <span class='ocrx_word' id='word_1_176' title='bbox 270 1379 431 1416; x_wconf 86' lang='lat' dir='ltr'><strong>textum</strong></span> <span class='ocrx_word' id='word_1_177' title='bbox 453 1377 725 1427; x_wconf 85' lang='lat' dir='ltr'><strong>irrepserunt,</strong></span> <span class='ocrx_word' id='word_1_178' title='bbox 755 1376 830 1417; x_wconf 89' lang='lat' dir='ltr'><strong>sed</strong></span> <span class='ocrx_word' id='word_1_179' title='bbox 861 1375 1021 1417; x_wconf 82' lang='lat' dir='ltr'><strong>Suidae</strong></span> <span class='ocrx_word' id='word_1_180' title='bbox 1050 1375 1131 1425; x_wconf 90' lang='lat' dir='ltr'><strong>ipsi</strong></span> <span class='ocrx_word' id='word_1_181' title='bbox 1160 1374 1381 1415; x_wconf 86' lang='lat' dir='ltr'><strong>memoriae</strong></span> <span class='ocrx_word' id='word_1_182' title='bbox 1410 1374 1493 1415; x_wconf 88' lang='lat' dir='ltr'><strong>iste</strong></span> <span class='ocrx_word' id='word_1_183' title='bbox 1523 1386 1636 1416; x_wconf 87' lang='lat' dir='ltr'><strong>error</strong></span> <span class='ocrx_word' id='word_1_184' title='bbox 1663 1375 1765 1415; x_wconf 88' lang='lat' dir='ltr'><strong>vitio</strong></span> 
     </span>
    </p>
   </div>
   <div class='ocr_carea' id='block_1_4' title="bbox 103 1445 1766 1564">
    <p class='ocr_par' dir='ltr' id='par_1_4' title="bbox 103 1445 1766 1564">
     <span class='ocr_line' id='line_1_21' title="bbox 103 1445 377 1487; baseline 0.011 -4"><span class='ocrx_word' id='word_1_185' title='bbox 103 1445 268 1485; x_wconf 87' lang='lat' dir='ltr'><strong>dandus</strong></span> <span class='ocrx_word' id='word_1_186' title='bbox 299 1447 377 1487; x_wconf 87' lang='lat' dir='ltr'><strong>est.</strong></span> 
     </span>
     <span class='ocr_line' id='line_1_22' title="bbox 236 1511 1766 1564; baseline -0.001 -11"><span class='ocrx_word' id='word_1_187' title='bbox 236 1514 495 1563; x_wconf 88' lang='lat' dir='ltr'><strong>Astydamas</strong></span> <span class='ocrx_word' id='word_1_188' title='bbox 525 1514 657 1554; x_wconf 89' lang='lat' dir='ltr'><strong>minor</strong></span> <span class='ocrx_word' id='word_1_189' title='bbox 677 1515 793 1563; x_wconf 90' lang='lat' dir='ltr'><strong>natu,</strong></span> <span class='ocrx_word' id='word_1_190' title='bbox 823 1524 944 1564; x_wconf 87' lang='lat' dir='ltr'><strong>quem</strong></span> <span class='ocrx_word' id='word_1_191' title='bbox 972 1513 1231 1553; x_wconf 82' lang='lat' dir='ltr'><strong>Isocrateum</strong></span> <span class='ocrx_word' id='word_1_192' title='bbox 1258 1511 1330 1551; x_wconf 90' lang='lat' dir='ltr'><strong>hic</strong></span> <span class='ocrx_word' id='word_1_193' title='bbox 1357 1521 1626 1552; x_wconf 88' lang='lat' dir='ltr'><strong>recensemus</strong></span> <span class='ocrx_word' id='word_1_194' title='bbox 1656 1512 1766 1551; x_wconf 88' lang='lat' dir='ltr'><strong>teste</strong></span> 
     </span>
    </p>
   </div>
   <div class='ocr_carea' id='block_1_5' title="bbox 93 1580 1765 2605">
    <p class='ocr_par' dir='ltr' id='par_1_5' title="bbox 93 1580 1765 2605">
     <span class='ocr_line' id='line_1_23' title="bbox 96 1580 1764 1634; baseline -0.002 -10"><span class='ocrx_word' id='word_1_195' title='bbox 96 1583 313 1624; x_wconf 86' lang='lat' dir='ltr'><strong>Marmore</strong></span> <span class='ocrx_word' id='word_1_196' title='bbox 347 1593 414 1625; x_wconf 85' lang='lat' dir='ltr'><strong>vs.</strong></span> <span class='ocrx_word' id='word_1_197' title='bbox 444 1585 514 1633; x_wconf 80' lang='lat'><strong>83,</strong></span> <span class='ocrx_word' id='word_1_198' title='bbox 553 1584 619 1626; x_wconf 89' lang='grc'><strong>01.</strong></span> <span class='ocrx_word' id='word_1_199' title='bbox 655 1585 748 1634; x_wconf 86' lang='grc'>101,</span> <span class='ocrx_word' id='word_1_200' title='bbox 778 1584 806 1623; x_wconf 87' lang='grc'>4</span> <span class='ocrx_word' id='word_1_201' title='bbox 836 1596 893 1620; x_wconf 89' lang='lat'><strong><em>=</em></strong></span> <span class='ocrx_word' id='word_1_202' title='bbox 922 1584 1008 1623; x_wconf 82' lang='lat'><strong>3⁷3</strong></span> <span class='ocrx_word' id='word_1_203' title='bbox 1045 1581 1222 1622; x_wconf 85' lang='lat' dir='ltr'><strong>Athenis</strong></span> <span class='ocrx_word' id='word_1_204' title='bbox 1260 1580 1362 1620; x_wconf 83' lang='lat' dir='ltr'><strong>vicit</strong></span> <span class='ocrx_word' id='word_1_205' title='bbox 1397 1581 1594 1623; x_wconf 85' lang='lat' dir='ltr'><strong>archonte</strong></span> <span class='ocrx_word' id='word_1_206' title='bbox 1632 1580 1764 1621; x_wconf 86' lang='lat' dir='ltr'><strong>Astio.</strong></span> 
     </span>
     <span class='ocr_line' id='line_1_24' title="bbox 96 1649 1765 1703; baseline -0.002 -11"><span class='ocrx_word' id='word_1_207' title='bbox 96 1653 161 1692; x_wconf 86' lang='lat' dir='ltr'><strong>De</strong></span> <span class='ocrx_word' id='word_1_208' title='bbox 210 1652 344 1703; x_wconf 89' lang='lat' dir='ltr'><strong>prima</strong></span> <span class='ocrx_word' id='word_1_209' title='bbox 387 1652 565 1693; x_wconf 87' lang='lat' dir='ltr'><strong>victoria</strong></span> <span class='ocrx_word' id='word_1_210' title='bbox 602 1652 868 1703; x_wconf 84' lang='lat' dir='ltr'><strong>cogitandum</strong></span> <span class='ocrx_word' id='word_1_211' title='bbox 906 1655 972 1693; x_wconf 89' lang='lat' dir='ltr'><strong>est</strong></span> <span class='ocrx_word' id='word_1_212' title='bbox 1013 1664 1034 1692; x_wconf 92' lang='lat' dir='ltr'><strong>e</strong></span> <span class='ocrx_word' id='word_1_213' title='bbox 1075 1662 1190 1691; x_wconf 88' lang='lat' dir='ltr'><strong>more</strong></span> <span class='ocrx_word' id='word_1_214' title='bbox 1229 1649 1464 1700; x_wconf 89' lang='lat' dir='ltr'><strong>marmoris,</strong></span> <span class='ocrx_word' id='word_1_215' title='bbox 1489 1649 1619 1699; x_wconf 74' lang='lat' dir='ltr'><strong>quod</strong></span> <span class='ocrx_word' id='word_1_216' title='bbox 1659 1649 1765 1688; x_wconf 86' lang='lat' dir='ltr'><strong>iliud</strong></span> 
     </span>
     <span class='ocr_line' id='line_1_25' title="bbox 96 1712 1764 1776; baseline -0.002 -16"><span class='ocrx_word' id='word_1_217' title='bbox 96 1717 285 1776; x_wconf 76' lang='grc' dir='ltr'><strong><em>πρῶτον</em></strong></span> <span class='ocrx_word' id='word_1_218' title='bbox 305 1721 425 1761; x_wconf 90' lang='lat' dir='ltr'><strong>modo</strong></span> <span class='ocrx_word' id='word_1_219' title='bbox 448 1720 642 1761; x_wconf 86' lang='lat' dir='ltr'><strong>adiunxit</strong></span> <span class='ocrx_word' id='word_1_220' title='bbox 665 1717 747 1772; x_wconf 75' lang='lat' dir='ltr'><strong>(cs.</strong></span> <span class='ocrx_word' id='word_1_221' title='bbox 769 1732 833 1763; x_wconf 85' lang='lat' dir='ltr'><strong>vs.</strong></span> <span class='ocrx_word' id='word_1_222' title='bbox 859 1721 938 1761; x_wconf 79' lang='lat'><strong>61:</strong></span> <span class='ocrx_word' id='word_1_223' title='bbox 967 1716 1151 1776; x_wconf 75' lang='grc' dir='ltr'><strong><em>πρῶτον</em></strong></span> <span class='ocrx_word' id='word_1_224' title='bbox 1172 1741 1226 1747; x_wconf 91' lang='grc'>-</span> <span class='ocrx_word' id='word_1_225' title='bbox 1248 1712 1450 1767; x_wconf 80' lang='grc' dir='ltr'><strong><em>διδάξας·</em></strong></span> <span class='ocrx_word' id='word_1_226' title='bbox 1465 1739 1523 1747; x_wconf 91' lang='grc'>-</span> <span class='ocrx_word' id='word_1_227' title='bbox 1551 1712 1764 1773; x_wconf 76' lang='grc' dir='ltr'><strong><em>ἐνίκησεν,</em></strong></span> 
     </span>
     <span class='ocr_line' id='line_1_26' title="bbox 97 1781 1762 1845; baseline 0.001 -16"><span class='ocrx_word' id='word_1_228' title='bbox 97 1790 183 1833; x_wconf 82' lang='lat' dir='ltr'><strong>vel.</strong></span> <span class='ocrx_word' id='word_1_229' title='bbox 214 1801 279 1833; x_wconf 84' lang='lat' dir='ltr'><strong>vs.</strong></span> <span class='ocrx_word' id='word_1_230' title='bbox 313 1793 391 1831; x_wconf 82' lang='lat'><strong>7⁰:</strong></span> <span class='ocrx_word' id='word_1_231' title='bbox 424 1785 600 1844; x_wconf 75' lang='grc' dir='ltr'><strong><em>ἐνίκησε</em></strong></span> <span class='ocrx_word' id='word_1_232' title='bbox 621 1784 871 1842; x_wconf 70' lang='grc' dir='ltr'><strong><em>διδάσκωνς</em></strong></span> <span class='ocrx_word' id='word_1_233' title='bbox 899 1790 983 1831; x_wconf 87' lang='lat' dir='ltr'><strong>vel.</strong></span> <span class='ocrx_word' id='word_1_234' title='bbox 1003 1783 1239 1845; x_wconf 79' lang='grc' dir='ltr'><strong><em>τραγῳδίᾳ</em></strong></span> <span class='ocrx_word' id='word_1_235' title='bbox 1258 1784 1445 1841; x_wconf 77' lang='grc' dir='ltr'><strong><em>πρῶτον</em></strong></span> <span class='ocrx_word' id='word_1_236' title='bbox 1462 1781 1646 1841; x_wconf 65' lang='grc' dir='ltr'><strong><em>ἐνίκησε</em></strong></span> <span class='ocrx_word' id='word_1_237' title='bbox 1674 1798 1762 1830; x_wconf 82' lang='lat' dir='ltr'><strong>vss.</strong></span> 
     </span>
     <span class='ocr_line' id='line_1_27' title="bbox 97 1853 1762 1912; baseline -0.001 -13"><span class='ocrx_word' id='word_1_238' title='bbox 97 1859 168 1901; x_wconf 78' lang='lat'><strong>65.</strong></span> <span class='ocrx_word' id='word_1_239' title='bbox 200 1857 309 1910; x_wconf 85' lang='lat'><strong>⁷5.),</strong></span> <span class='ocrx_word' id='word_1_240' title='bbox 339 1860 458 1899; x_wconf 91' lang='lat' dir='ltr'><strong>modo</strong></span> <span class='ocrx_word' id='word_1_241' title='bbox 488 1860 612 1909; x_wconf 90' lang='lat' dir='ltr'><strong>plane</strong></span> <span class='ocrx_word' id='word_1_242' title='bbox 643 1859 779 1899; x_wconf 91' lang='lat' dir='ltr'><strong>omisit</strong></span> <span class='ocrx_word' id='word_1_243' title='bbox 816 1854 1017 1912; x_wconf 74' lang='grc' dir='ltr'><strong><em>(ἐνίκησε</em></strong></span> <span class='ocrx_word' id='word_1_244' title='bbox 1045 1868 1134 1900; x_wconf 86' lang='lat' dir='ltr'><strong>vss.</strong></span> <span class='ocrx_word' id='word_1_245' title='bbox 1167 1859 1235 1899; x_wconf 82' lang='lat'><strong>⁷2.</strong></span> <span class='ocrx_word' id='word_1_246' title='bbox 1268 1857 1335 1898; x_wconf 79' lang='grc'><strong>79.</strong></span> <span class='ocrx_word' id='word_1_247' title='bbox 1365 1855 1436 1898; x_wconf 87' lang='grc'><strong>83.</strong></span> <span class='ocrx_word' id='word_1_248' title='bbox 1466 1853 1582 1907; x_wconf 83' lang='grc'>85.);</span> <span class='ocrx_word' id='word_1_249' title='bbox 1621 1855 1762 1906; x_wconf 79' lang='lat' dir='ltr'><strong>itaquo</strong></span> 
     </span>
     <span class='ocr_line' id='line_1_28' title="bbox 96 1920 1763 1979; baseline -0.001 -11"><span class='ocrx_word' id='word_1_250' title='bbox 96 1929 189 1979; x_wconf 86' lang='lat' dir='ltr'><strong>ipsa</strong></span> <span class='ocrx_word' id='word_1_251' title='bbox 221 1928 287 1971; x_wconf 88' lang='grc'><strong>01.</strong></span> <span class='ocrx_word' id='word_1_252' title='bbox 322 1928 398 1969; x_wconf 85' lang='grc'><strong>101</strong></span> <span class='ocrx_word' id='word_1_253' title='bbox 434 1929 606 1969; x_wconf 90' lang='lat' dir='ltr'><strong>scholae</strong></span> <span class='ocrx_word' id='word_1_254' title='bbox 635 1929 877 1970; x_wconf 85' lang='lat' dir='ltr'><strong>Isocrateae</strong></span> <span class='ocrx_word' id='word_1_255' title='bbox 908 1938 991 1968; x_wconf 93' lang='lat' dir='ltr'><strong>una</strong></span> <span class='ocrx_word' id='word_1_256' title='bbox 1022 1938 1116 1967; x_wconf 90' lang='lat' dir='ltr'><strong>cum</strong></span> <span class='ocrx_word' id='word_1_257' title='bbox 1145 1927 1339 1978; x_wconf 89' lang='lat' dir='ltr'><strong>Aphareo</strong></span> <span class='ocrx_word' id='word_1_258' title='bbox 1376 1920 1536 1976; x_wconf 78' lang='lat' dir='ltr'><strong>tragico</strong></span> <span class='ocrx_word' id='word_1_259' title='bbox 1566 1924 1763 1966; x_wconf 82' lang='lat' dir='ltr'><strong>Isocratis</strong></span> 
     </span>
     <span class='ocr_line' id='line_1_29' title="bbox 95 1992 1762 2049; baseline -0.003 -12"><span class='ocrx_word' id='word_1_260' title='bbox 95 1998 292 2049; x_wconf 86' lang='lat' dir='ltr'><strong>privigno</strong></span> <span class='ocrx_word' id='word_1_261' title='bbox 331 1997 571 2038; x_wconf 82' lang='lat' dir='ltr'><strong>interfuerit</strong></span> <span class='ocrx_word' id='word_1_262' title='bbox 609 1996 693 2049; x_wconf 84' lang='lat' dir='ltr'><strong>(ef.</strong></span> <span class='ocrx_word' id='word_1_263' title='bbox 731 1997 808 2038; x_wconf 82' lang='lat' dir='ltr'><strong>sub</strong></span> <span class='ocrx_word' id='word_1_264' title='bbox 846 2008 1016 2037; x_wconf 89' lang='lat' dir='ltr'><strong>numero</strong></span> <span class='ocrx_word' id='word_1_265' title='bbox 1057 1992 1154 2047; x_wconf 80' lang='lat'><strong>33).</strong></span> <span class='ocrx_word' id='word_1_266' title='bbox 1214 1995 1364 2044; x_wconf 88' lang='lat' dir='ltr'><strong>Neque</strong></span> <span class='ocrx_word' id='word_1_267' title='bbox 1400 1993 1532 2045; x_wconf 85' lang='lat' dir='ltr'><strong>patris</strong></span> <span class='ocrx_word' id='word_1_268' title='bbox 1571 1994 1762 2043; x_wconf 80' lang='lat' dir='ltr'><strong>Astyda-</strong></span> 
     </span>
     <span class='ocr_line' id='line_1_30' title="bbox 97 2062 1763 2119; baseline -0.002 -13"><span class='ocrx_word' id='word_1_269' title='bbox 97 2067 250 2108; x_wconf 88' lang='lat' dir='ltr'><strong>mantis</strong></span> <span class='ocrx_word' id='word_1_270' title='bbox 280 2067 455 2119; x_wconf 82' lang='lat' dir='ltr'><strong>gloriam</strong></span> <span class='ocrx_word' id='word_1_271' title='bbox 493 2069 534 2108; x_wconf 88' lang='lat' dir='ltr'><strong>et</strong></span> <span class='ocrx_word' id='word_1_272' title='bbox 562 2067 860 2118; x_wconf 82' lang='lat' dir='ltr'><strong>praestantiam</strong></span> <span class='ocrx_word' id='word_1_273' title='bbox 897 2067 948 2106; x_wconf 88' lang='lat' dir='ltr'><strong>ab</strong></span> <span class='ocrx_word' id='word_1_274' title='bbox 988 2065 1096 2105; x_wconf 88' lang='lat' dir='ltr'><strong>omni</strong></span> <span class='ocrx_word' id='word_1_275' title='bbox 1136 2066 1253 2115; x_wconf 86' lang='lat' dir='ltr'><strong>parte</strong></span> <span class='ocrx_word' id='word_1_276' title='bbox 1284 2063 1548 2114; x_wconf 82' lang='lat' dir='ltr'><strong>adaequavit,</strong></span> <span class='ocrx_word' id='word_1_277' title='bbox 1586 2062 1677 2112; x_wconf 88' lang='lat' dir='ltr'><strong>sed,</strong></span> <span class='ocrx_word' id='word_1_278' title='bbox 1709 2064 1763 2113; x_wconf 66' lang='lat' dir='ltr'><strong>ut</strong></span> 
     </span>
     <span class='ocr_line' id='line_1_31' title="bbox 96 2123 1763 2187; baseline -0.003 -11"><span class='ocrx_word' id='word_1_279' title='bbox 96 2136 267 2187; x_wconf 88' lang='lat' dir='ltr'><strong>plurimi</strong></span> <span class='ocrx_word' id='word_1_280' title='bbox 304 2137 524 2187; x_wconf 87' lang='lat' dir='ltr'><strong>Isocratei,</strong></span> <span class='ocrx_word' id='word_1_281' title='bbox 559 2136 759 2177; x_wconf 89' lang='lat' dir='ltr'><strong>mediocri</strong></span> <span class='ocrx_word' id='word_1_282' title='bbox 798 2136 976 2187; x_wconf 91' lang='lat' dir='ltr'><strong>quadam</strong></span> <span class='ocrx_word' id='word_1_283' title='bbox 1015 2133 1127 2174; x_wconf 79' lang='lat' dir='ltr'><strong>fama</strong></span> <span class='ocrx_word' id='word_1_284' title='bbox 1166 2144 1270 2174; x_wconf 88' lang='lat' dir='ltr'><strong>usus</strong></span> <span class='ocrx_word' id='word_1_285' title='bbox 1305 2123 1419 2172; x_wconf 86' lang='lat' dir='ltr'><strong>haud</strong></span> <span class='ocrx_word' id='word_1_286' title='bbox 1457 2126 1584 2173; x_wconf 86' lang='lat' dir='ltr'><strong>multo</strong></span> <span class='ocrx_word' id='word_1_287' title='bbox 1613 2136 1708 2184; x_wconf 89' lang='lat' dir='ltr'><strong>post</strong></span> <span class='ocrx_word' id='word_1_288' title='bbox 1738 2143 1763 2171; x_wconf 90' lang='lat' dir='ltr'><strong>e</strong></span> 
     </span>
     <span class='ocr_line' id='line_1_32' title="bbox 94 2201 1762 2257; baseline -0.004 -11"><span class='ocrx_word' id='word_1_289' title='bbox 94 2205 295 2247; x_wconf 87' lang='lat' dir='ltr'><strong>memoria</strong></span> <span class='ocrx_word' id='word_1_290' title='bbox 331 2205 518 2256; x_wconf 88' lang='lat' dir='ltr'><strong>dilapsus</strong></span> <span class='ocrx_word' id='word_1_291' title='bbox 549 2208 625 2248; x_wconf 89' lang='lat' dir='ltr'><strong>est.</strong></span> <span class='ocrx_word' id='word_1_292' title='bbox 682 2207 747 2247; x_wconf 90' lang='lat' dir='ltr'><strong>De</strong></span> <span class='ocrx_word' id='word_1_293' title='bbox 776 2204 1004 2257; x_wconf 83' lang='lat' dir='ltr'><strong>tragoediis</strong></span> <span class='ocrx_word' id='word_1_294' title='bbox 1032 2202 1344 2252; x_wconf 79' lang='lat' dir='ltr'><strong>Astydamantis</strong></span> <span class='ocrx_word' id='word_1_295' title='bbox 1375 2202 1598 2253; x_wconf 89' lang='lat' dir='ltr'><strong>utriusque-</strong></span> <span class='ocrx_word' id='word_1_296' title='bbox 1630 2202 1672 2242; x_wconf 86' lang='lat' dir='ltr'><strong>et</strong></span> <span class='ocrx_word' id='word_1_297' title='bbox 1708 2201 1762 2240; x_wconf 86' lang='lat' dir='ltr'><strong>de</strong></span> 
     </span>
     <span class='ocr_line' id='line_1_33' title="bbox 94 2271 1722 2326; baseline -0.001 -11"><span class='ocrx_word' id='word_1_298' title='bbox 94 2276 140 2316; x_wconf 85' lang='lat' dir='ltr'><strong>vi</strong></span> <span class='ocrx_word' id='word_1_299' title='bbox 171 2274 361 2315; x_wconf 84' lang='lat' dir='ltr'><strong>oratoria·</strong></span> <span class='ocrx_word' id='word_1_300' title='bbox 384 2275 479 2316; x_wconf 87' lang='lat' dir='ltr'><strong>sive</strong></span> <span class='ocrx_word' id='word_1_301' title='bbox 509 2275 674 2326; x_wconf 81' lang='lat' dir='ltr'><strong>tragica</strong></span> <span class='ocrx_word' id='word_1_302' title='bbox 704 2274 919 2326; x_wconf 86' lang='lat' dir='ltr'><strong>Koepkius</strong></span> <span class='ocrx_word' id='word_1_303' title='bbox 947 2274 976 2317; x_wconf 93' lang='lat'><strong>1.</strong></span> <span class='ocrx_word' id='word_1_304' title='bbox 1009 2283 1047 2316; x_wconf 90' lang='lat' dir='ltr'><strong>c.</strong></span> <span class='ocrx_word' id='word_1_305' title='bbox 1077 2272 1275 2313; x_wconf 82' lang='lat' dir='ltr'><strong>nonnulla</strong></span> <span class='ocrx_word' id='word_1_306' title='bbox 1304 2271 1548 2314; x_wconf 84' lang='lat' dir='ltr'><strong>annotavit.-</strong></span> <span class='ocrx_word' id='word_1_307' title='bbox 1718 2274 1722 2276; x_wconf 75' lang='grc'>’</span> 
     </span>
     <span class='ocr_line' id='line_1_34' title="bbox 232 2339 1759 2400; baseline -0.005 -15"><span class='ocrx_word' id='word_1_308' title='bbox 232 2344 435 2387; x_wconf 83' lang='lat' dir='ltr'>XXXIII.</span> <span class='ocrx_word' id='word_1_309' title='bbox 485 2341 694 2400; x_wconf 72' lang='lat' dir='ltr'><strong>Aphareus,</strong></span> <span class='ocrx_word' id='word_1_310' title='bbox 723 2343 1009 2393; x_wconf 85' lang='lat' dir='ltr'><strong>Atheniensis,</strong></span> <span class='ocrx_word' id='word_1_311' title='bbox 1038 2342 1226 2394; x_wconf 83' lang='lat' dir='ltr'><strong>tragicus</strong></span> <span class='ocrx_word' id='word_1_312' title='bbox 1256 2344 1380 2392; x_wconf 86' lang='lat' dir='ltr'><strong>poeta</strong></span> <span class='ocrx_word' id='word_1_313' title='bbox 1408 2343 1450 2381; x_wconf 87' lang='lat' dir='ltr'><strong>et</strong></span> <span class='ocrx_word' id='word_1_314' title='bbox 1476 2340 1638 2389; x_wconf 64' lang='lat' dir='ltr'><strong>theton</strong></span> <span class='ocrx_word' id='word_1_315' title='bbox 1667 2339 1759 2378; x_wconf 79' lang='lat' dir='ltr'><strong>Iso-</strong></span> 
     </span>
     <span class='ocr_line' id='line_1_35' title="bbox 94 2406 1761 2465; baseline -0.005 -11"><span class='ocrx_word' id='word_1_316' title='bbox 94 2413 223 2454; x_wconf 90' lang='lat' dir='ltr'><strong>cratis</strong></span> <span class='ocrx_word' id='word_1_317' title='bbox 252 2414 473 2464; x_wconf 84' lang='lat' dir='ltr'><strong>privignus</strong></span> <span class='ocrx_word' id='word_1_318' title='bbox 506 2417 548 2454; x_wconf 86' lang='lat' dir='ltr'><strong>et</strong></span> <span class='ocrx_word' id='word_1_319' title='bbox 575 2413 801 2465; x_wconf 87' lang='lat' dir='ltr'><strong>adoptivus</strong></span> <span class='ocrx_word' id='word_1_320' title='bbox 830 2411 941 2454; x_wconf 84' lang='lat' dir='ltr'><strong>filius</strong></span> <span class='ocrx_word' id='word_1_321' title='bbox 971 2423 1027 2452; x_wconf 87' lang='lat' dir='ltr'><strong>ex</strong></span> <span class='ocrx_word' id='word_1_322' title='bbox 1045 2411 1249 2451; x_wconf 86' lang='lat' dir='ltr'><strong>Plathane</strong></span> <span class='ocrx_word' id='word_1_323' title='bbox 1270 2413 1409 2460; x_wconf 87' lang='lat' dir='ltr'><strong>natus,</strong></span> <span class='ocrx_word' id='word_1_324' title='bbox 1440 2418 1561 2460; x_wconf 88' lang='lat' dir='ltr'><strong>quam</strong></span> <span class='ocrx_word' id='word_1_325' title='bbox 1589 2406 1761 2447; x_wconf 82' lang='lat' dir='ltr'><strong>viduam</strong></span> 
     </span>
     <span class='ocr_line' id='line_1_36' title="bbox 93 2474 1760 2534; baseline -0.005 -11"><span class='ocrx_word' id='word_1_326' title='bbox 93 2483 226 2534; x_wconf 81' lang='lat' dir='ltr'><strong>ignoti</strong></span> <span class='ocrx_word' id='word_1_327' title='bbox 266 2482 403 2523; x_wconf 88' lang='lat' dir='ltr'><strong>mariti</strong></span> <span class='ocrx_word' id='word_1_328' title='bbox 445 2485 487 2523; x_wconf 92' lang='lat' dir='ltr'><strong>et</strong></span> <span class='ocrx_word' id='word_1_329' title='bbox 524 2484 695 2524; x_wconf 87' lang='lat' dir='ltr'><strong>matrem</strong></span> <span class='ocrx_word' id='word_1_330' title='bbox 725 2482 849 2522; x_wconf 91' lang='lat' dir='ltr'><strong>trium</strong></span> <span class='ocrx_word' id='word_1_331' title='bbox 879 2492 1102 2532; x_wconf 85' lang='lat' dir='ltr'><strong>puerorum</strong></span> <span class='ocrx_word' id='word_1_332' title='bbox 1132 2481 1342 2523; x_wconf 84' lang='lat' dir='ltr'><strong>Isocrates</strong></span> <span class='ocrx_word' id='word_1_333' title='bbox 1378 2490 1513 2520; x_wconf 85' lang='lat' dir='ltr'><strong>senex</strong></span> <span class='ocrx_word' id='word_1_334' title='bbox 1540 2474 1760 2528; x_wconf 79' lang='lat' dir='ltr'><strong>admodum</strong></span> 
     </span>
     <span class='ocr_line' id='line_1_37' title="bbox 94 2544 1761 2605; baseline -0.003 -14"><span class='ocrx_word' id='word_1_335' title='bbox 94 2552 139 2591; x_wconf 88' lang='lat' dir='ltr'><strong>in</strong></span> <span class='ocrx_word' id='word_1_336' title='bbox 180 2552 484 2593; x_wconf 88' lang='lat' dir='ltr'><strong>matrimonium</strong></span> <span class='ocrx_word' id='word_1_337' title='bbox 524 2552 645 2593; x_wconf 88' lang='lat' dir='ltr'><strong>duxit</strong></span> <span class='ocrx_word' id='word_1_338' title='bbox 683 2550 817 2605; x_wconf 84' lang='lat' dir='ltr'><strong>(Plut.</strong></span> <span class='ocrx_word' id='word_1_339' title='bbox 853 2550 940 2592; x_wconf 79' lang='lat'><strong>838</strong></span> <span class='ocrx_word' id='word_1_340' title='bbox 981 2547 1048 2603; x_wconf 84' lang='lat' dir='ltr'><strong>a.)</strong></span> <span class='ocrx_word' id='word_1_341' title='bbox 1063 2547 1158 2604; x_wconf 75' lang='lat'>4⁰).</span> <span class='ocrx_word' id='word_1_342' title='bbox 1243 2548 1493 2600; x_wconf 86' lang='lat' dir='ltr'><strong>Priusquam</strong></span> <span class='ocrx_word' id='word_1_343' title='bbox 1528 2544 1761 2588; x_wconf 70' lang='lat' dir='ltr'><strong>Plathaueu</strong></span> 
     </span>
    </p>
   </div>
   <div class='ocr_carea' id='block_1_6' title="bbox 88 2653 370 2662">
    <p class='ocr_par' dir='ltr' id='par_1_6' title="bbox 88 2653 370 2662">
     <span class='ocr_line' id='line_1_38' title="bbox 88 2653 370 2662; baseline 0 353"><span class='ocrx_word' id='word_1_344' title='bbox 88 2653 370 2662; x_wconf 95' lang='lat' dir='ltr'><strong> </strong></span> 
     </span>
    </p>
   </div>
   <div class='ocr_carea' id='block_1_7' title="bbox 33 2712 1761 2885">
    <p class='ocr_par' dir='ltr' id='par_1_7' title="bbox 33 2712 1761 2885">
     <span class='ocr_line' id='line_1_39' title="bbox 238 2712 1759 2768; baseline -0.007 -9"><span class='ocrx_word' id='word_1_345' title='bbox 238 2722 300 2768; x_wconf 83' lang='lat'><strong>⁴⁸)</strong></span> <span class='ocrx_word' id='word_1_346' title='bbox 329 2723 537 2761; x_wconf 85' lang='lat' dir='ltr'><strong>Plathanen</strong></span> <span class='ocrx_word' id='word_1_347' title='bbox 572 2736 648 2762; x_wconf 91' lang='lat' dir='ltr'><strong>non</strong></span> <span class='ocrx_word' id='word_1_348' title='bbox 679 2734 829 2761; x_wconf 80' lang='lat' dir='ltr'><strong>uxorem</strong></span> <span class='ocrx_word' id='word_1_349' title='bbox 862 2721 1023 2768; x_wconf 84' lang='lat' dir='ltr'><strong>Hippiae</strong></span> <span class='ocrx_word' id='word_1_350' title='bbox 1054 2722 1212 2759; x_wconf 83' lang='lat' dir='ltr'><strong>rhetoris</strong></span> <span class='ocrx_word' id='word_1_351' title='bbox 1241 2723 1310 2759; x_wconf 81' lang='lat' dir='ltr'><strong>scd</strong></span> <span class='ocrx_word' id='word_1_352' title='bbox 1337 2721 1451 2756; x_wconf 85' lang='lat' dir='ltr'><strong>filiam</strong></span> <span class='ocrx_word' id='word_1_353' title='bbox 1474 2719 1603 2760; x_wconf 78' lang='lat' dir='ltr'><strong>fnisse,</strong></span> <span class='ocrx_word' id='word_1_354' title='bbox 1634 2712 1759 2753; x_wconf 82' lang='lat' dir='ltr'><strong>contra</strong></span> 
     </span>
     <span class='ocr_line' id='line_1_40' title="bbox 93 2775 1759 2832; baseline -0.006 -13"><span class='ocrx_word' id='word_1_355' title='bbox 93 2782 425 2827; x_wconf 82' lang='lat' dir='ltr'><strong>Harpocrationem</strong></span> <span class='ocrx_word' id='word_1_356' title='bbox 455 2781 508 2825; x_wconf 87' lang='lat' dir='ltr'><strong>(s.</strong></span> <span class='ocrx_word' id='word_1_357' title='bbox 531 2793 569 2819; x_wconf 85' lang='lat' dir='ltr'><strong>v.</strong></span> <span class='ocrx_word' id='word_1_358' title='bbox 590 2780 801 2832; x_wconf 79' lang='grc' dir='ltr'><strong>Ἀφαρεύς),</strong></span> <span class='ocrx_word' id='word_1_359' title='bbox 826 2781 977 2817; x_wconf 87' lang='lat' dir='ltr'><strong>Suidam</strong></span> <span class='ocrx_word' id='word_1_360' title='bbox 1010 2792 1042 2818; x_wconf 86' lang='lat' dir='ltr'><strong>s.</strong></span> <span class='ocrx_word' id='word_1_361' title='bbox 1067 2793 1113 2823; x_wconf 87' lang='lat' dir='ltr'><strong>v.,</strong></span> <span class='ocrx_word' id='word_1_362' title='bbox 1146 2781 1356 2817; x_wconf 74' lang='lat' dir='ltr'><strong>Prundtium</strong></span> <span class='ocrx_word' id='word_1_363' title='bbox 1381 2778 1419 2812; x_wconf 79' lang='lat' dir='ltr'><strong>et</strong></span> <span class='ocrx_word' id='word_1_364' title='bbox 1442 2775 1759 2813; x_wconf 84' lang='lat' dir='ltr'><strong>Westermannum</strong></span> 
     </span>
     <span class='ocr_line' id='line_1_41' title="bbox 33 2827 1761 2885; baseline -0.01 -5"><span class='ocrx_word' id='word_1_365' title='bbox 33 2871 35 2873; x_wconf 84' lang='lat'>-</span> <span class='ocrx_word' id='word_1_366' title='bbox 91 2841 117 2876; x_wconf 87' lang='lat' dir='ltr'><strong>l.</strong></span> <span class='ocrx_word' id='word_1_367' title='bbox 144 2851 177 2876; x_wconf 88' lang='lat' dir='ltr'><strong>c.</strong></span> <span class='ocrx_word' id='word_1_368' title='bbox 202 2839 386 2885; x_wconf 82' lang='lat' dir='ltr'><strong>Sauppius</strong></span> <span class='ocrx_word' id='word_1_369' title='bbox 410 2851 448 2885; x_wconf 83' lang='lat' dir='ltr'><strong>p·</strong></span> <span class='ocrx_word' id='word_1_370' title='bbox 472 2841 542 2877; x_wconf 76' lang='grc'><strong>405</strong></span> <span class='ocrx_word' id='word_1_371' title='bbox 567 2851 624 2885; x_wconf 80' lang='lat' dir='ltr'><strong>sq.</strong></span> <span class='ocrx_word' id='word_1_372' title='bbox 647 2843 748 2877; x_wconf 81' lang='lat' dir='ltr'><strong>recte</strong></span> <span class='ocrx_word' id='word_1_373' title='bbox 771 2840 875 2878; x_wconf 82' lang='lat' dir='ltr'><strong>vidit.</strong></span> <span class='ocrx_word' id='word_1_374' title='bbox 912 2838 1015 2877; x_wconf 80' lang='lat' dir='ltr'><strong>Idem</strong></span> <span class='ocrx_word' id='word_1_375' title='bbox 1039 2841 1127 2877; x_wconf 82' lang='lat' dir='ltr'><strong>illud</strong></span> <span class='ocrx_word' id='word_1_376' title='bbox 1152 2841 1225 2874; x_wconf 83' lang='lat' dir='ltr'><strong>iam</strong></span> <span class='ocrx_word' id='word_1_377' title='bbox 1251 2837 1315 2875; x_wconf 84' lang='lat' dir='ltr'><strong>Ps.</strong></span> <span class='ocrx_word' id='word_1_378' title='bbox 1337 2835 1432 2872; x_wconf 85' lang='lat' dir='ltr'><strong>Plut.</strong></span> <span class='ocrx_word' id='word_1_379' title='bbox 1454 2845 1491 2879; x_wconf 80' lang='lat' dir='ltr'><strong>p.</strong></span> <span class='ocrx_word' id='word_1_380' title='bbox 1515 2834 1583 2871; x_wconf 72' lang='lat'><strong>848</strong></span> <span class='ocrx_word' id='word_1_381' title='bbox 1607 2827 1761 2874; x_wconf 72' lang='lat' dir='ltr'><strong>A:·’A‹p.</strong></span> 
     </span>
    </p>
   </div>
  </div>
 </body>
</html>
