1889 3015
874 55 877 57 .
907 5 971 57 ,26

110 142 418 192 crudelitatem,
459 142 680 183 saevitiam
713 145 756 183 et
785 144 1023 194 nequitiam,
1064 154 1146 194 qua
1175 143 1419 188 foedissima
1447 148 1615 189 scelera
1641 146 1775 191 insci?-

106 221 186 250 ves
216 221 318 251 suos
350 211 646 259 committebat,
677 222 820 252 omnes
849 211 938 251 fere
969 212 1031 250 illi
1061 212 1288 263 scriptores
1319 214 1580 258 denotarunt.
1624 216 1781 256 Tamen

107 278 299 320 eruditus
340 280 461 318 homo
499 279 570 329 qui
600 279 681 319 fuit
710 292 791 320 non
833 281 979 319 literas
1009 281 1219 332 attingere
1248 282 1385 333 desiit,
1424 285 1466 323 et
1495 285 1781 326 bibliothecam

103 347 264 396 primus
287 348 761 397 omnium-tyrannorum
790 350 969 389 instituit
996 347 1077 399 (cf.
1102 349 1145 391 ll.
1169 361 1233 393 cc.
1257 351 1369 393 Just.
1395 352 1437 391 et
1458 350 1606 403 mint.)
1645 354 1781 393 Etiam

104 416 320 466 Timothei,
361 427 483 466 quem
522 418 634 467 apud
679 419 909 458 Isocratem
948 418 1212 468 cognoverit,
1244 407 1544 460 consuetudine
1579 423 1781 471 aliquam-

103 484 179 522 diu
209 495 314 524 usus
352 496 448 524 esse
479 484 647 524 videtur
688 484 769 536 (cf.
810 486 1037 526 Westerm.
1069 486 1279 530 Zeitschr.
1316 487 1347 530 f.
1377 488 1463 530 Alt.
1496 489 1566 530 W.
1598 490 1709 529 1844
1738 501 1779 540 p.

106 555 191 605 772
214 550 319 603 sq),
342 554 456 593 unde
479 554 519 593 ei
533 553 817 594 Athenienses
839 553 1050 593 civitatem
1076 555 1323 595 donaverint
1339 555 1481 607 (nem.
1496 568 1534 607 p.
1557 555 1688 607 482);
1705 557 1779 609 ¹⁷)

101 621 283 661 Athenis
323 621 450 661 fuerit
485 622 614 672 igitur
650 633 687 663 c.
720 622 785 663 01.
819 623 1049 663 100-102
1079 624 1290 664 Isocrates
1324 626 1651 676 antem-ingenii
1681 626 1778 666 feli-

103 691 261 731 cissimi
290 691 355 730 sic
385 691 591 741 deperditi
623 692 766 730 dolore
796 690 985 741 graviter
1014 689 1211 742 afflictus,
1242 693 1294 731 ab
1325 694 1396 732 illo
1419 694 1682 736 abalienatus
1712 698 1779 735 est

102 759 193 811 (ep.
238 760 333 809 vn,
377 757 479 810 1333
520 770 655 810 neque
691 760 807 809 prius
843 759 1167 799 familiaritatem
1210 763 1256 807 et¹
1297 761 1519 811 hospitium
1560 762 1778 811 pristinum

101 838 196 867 cum
241 827 334 867 eius
376 828 496 866 domo
539 827 782 877 renovavit,
823 837 946 877 quam
984 826 1217 868 Clearchus
1266 839 1293 868 a
1336 830 1494 869 Leonte
1539 832 1581 869 et
1620 829 1778 870 Chione

98 896 286 936 Platonis
326 895 545 946 discipulis
587 893 669 947 (cf.
709 897 824 938 Just.
863 895 985 939 Suid.
1022 896 1141 939 Phot.
1183 896 1252 947 qui
1289 898 1454 937 nomina
1490 898 1661 940 diversa
1693 910 1774 940 ex*-

98 964 264 1017 hibent)
306 966 579 1005 obtruncatus
618 963 700 1004 filio
741 965 893 1015 optime
933 967 1088 1005 morato
1140 977 1315 1016 regnum
1354 967 1594 1017 reliquerat.
1653 970 1777 1008 Hunc

100 1036 286 1074 consiliis
316 1033 639 1083 sapientissimis
670 1033 850 1082 epistola
879 1033 951 1072 illa
981 1035 1076 1082 Vll,
1108 1034 1161 1072 de
1191 1035 1313 1074 cuius
1334 1033 1416 1074 fide
1446 1036 1515 1076 hic
1539 1037 1596 1075 nil
1627 1037 1776 1085 dicam,

97 1103 376 1152 precibusque
406 1102 523 1151 adiit,
554 1103 601 1140 ut
630 1103 952 1140 Autocratorem
984 1101 1191 1150 quendam
1220 1101 1469 1143 familiarem
1501 1106 1544 1144 et
1573 1105 1772 1154 eloquen-

97 1172 185 1210 tiae
214 1172 448 1211 studiosum
478 1171 520 1209 in
553 1168 784 1209 officiorum
817 1170 1151 1209 communitatem
1181 1171 1405 1220 reciperet.

236 1240 313 1282 XI.
370 1235 534 1301 l'lthon²
565 1239 810 1297 Byzantius²
842 1240 994 1295 orator,
1032 1239 1235 1289 Isocratis
1271 1239 1492 1299 disciplina
1534 1250 1639 1281 usus
1679 1251 1776 1280 esse

23 1274 43 1327 η
96 1309 141 1348 in
158 1308 315 1350 zosim.
343 1309 416 1349 vit.
443 1309 498 1350 Is.
522 1319 563 1358 p.
587 1309 650 1347 XI
673 1286 868 1348 embol.
888 1308 943 1346 ad
971 1308 1128 1349 Aesch.
1146 1308 1199 1357 11,
1225 1309 1305 1348 125
1327 1299 1498 1363 (ῥήτωρ
1518 1301 1649 1355 οὗτος
1666 1301 1776 1349 'Iuo-

95 1372 288 1432 κράτους
316 1371 555 1431 μαθητής)
586 1376 736 1418 fertur.
795 1377 893 1416 Jam
924 1386 987 1426 ea,
1020 1387 1127 1426 quae
1157 1376 1315 1416 aditum
1345 1378 1436 1418 eius
1466 1378 1520 1416 ad
1550 1378 1776 1427 rempubli-·

98 1456 190 1485 cam
221 1446 493 1495 antecedunt,
521 1445 622 1483 nihil
653 1444 1023 1484 commendationis
1053 1445 1218 1486 habent.
1280 1445 1360 1485 Hic
1390 1445 1498 1485 enim
1527 1447 1773 1489 teste-nem.

96 1526 156 1556 or.
196 1515 354 1564 xxm,
393 1514 490 1554 119.
531 1514 627 1556 127.
669 1514 766 1563 163,
800 1512 990 1563 quamvis
1028 1513 1080 1552 ab
1122 1514 1242 1553 Aeno
1273 1514 1423 1564 oppido
1455 1514 1660 1554 Thraciae
1691 1513 1774 1566 (cf.

95 1572 302 1633 Harpoc'r.
333 1594 369 1623 s.
399 1580 467 1632 v.)
501 1582 702 1623 oriundus
731 1583 939 1632 narretur,
978 1581 1085 1621 idem
1128 1583 1205 1631 est,
1246 1583 1314 1632 qui
1355 1593 1449 1623 eum
1478 1582 1608 1623 fratre
1637 1584 1773 1628 Hera-

97 1653 209 1690 clida
241 1651 375 1699 Cotyn
406 1655 628 1699 tyrannum
663 1651 871 1690 Thraciae
910 1651 975 1691 01.
1009 1650 1090 1689 105
1134 1651 1341 1690 interemit
1378 1653 1418 1692 et
1455 1653 1591 1701 patria
1628 1651 1774 1701 profu-

96 1731 179 1770 gus
220 1720 271 1758 ab
303 1719 633 1759 Atheniensibus
664 1719 773 1759 civis
803 1718 944 1759 factus
975 1719 1018 1757 et
1055 1728 1208 1757 corona
1245 1721 1417 1760 ornatus
1448 1722 1513 1760 est
1546 1723 1594 1758 ut
1623 1719 1773 1770 optimc

97 1789 152 1827 de
183 1788 355 1828 civitate
387 1788 561 1827 meritus
591 1786 674 1838 (cf.
696 1788 814 1828 nem.
840 1798 881 1836 p.
902 1787 1001 1827 659.
1024 1787 1109 1830 ,662
1132 1788 1174 1825 et
1193 1786 1468 1828 Schaeferum
1497 1788 1526 1829 l.
1547 1788 1573 1829 l.
1596 1789 1627 1836 Ι,
1652 1786 1772 1837 138).

99 1857 186 1897 Sed
206 1866 301 1895 cum
319 1855 496 1905 videret,
512 1855 693 1895 Athenis
709 1865 789 1894 nec
815 1854 1024 1894 fortunam
1050 1864 1129 1893 nec
1147 1865 1235 1893 rem
1254 1853 1499 1894 familiare·
1514 1855 1592 1894 sibi
1608 1856 1773 1906 augeri,

98 1926 154 1965 ad
185 1926 422 1975 Philippum
461 1935 605 1974 regem
634 1924 925 1974 Macedoniae,
956 1925 1004 1962 ut
1035 1923 1198 1963 scribae
1230 1924 1340 1974 regii
1370 1934 1538 1965 munere
1571 1924 1768 1975 fungere·

95 1997 178 2045 tur,
209 1994 415 2044 pervenit,
445 1991 685 2045 (Demosth.
715 1993 744 2033 l.
775 1990 837 2042 c.)
874 2003 901 2031 a
930 2003 1010 2042 quo
1041 1994 1187 2042 postea
1216 1994 1405 2033 Athenas
1429 1994 1596 2043 legatus
1619 1994 1772 2033 missus

96 2064 209 2114 apud
241 2063 480 2103 concionem
510 2063 679 2102 locutus
710 2062 838 2101 valde
867 2062 1025 2112 placuit
1056 2061 1195 2113 (Dem.
1225 2073 1266 2111 p.
1296 2060 1348 2101 81
1384 2073 1478 2102 cum
1508 2062 1655 2111 schol„
1686 2064 1772 2104 2⁷2

97 2144 192 2172 cum
221 2133 368 2180 schol„
395 2131 450 2172 cf.
484 2131 604 2180 epist.
639 2133 755 2173 Dem.
796 2142 836 2179 p.
871 2128 1022 2180 1469),
1063 2130 1131 2168 cui
1170 2130 1440 2170 adversarius
1470 2132 1772 2170 Demosthenes

98 2201 272 2240 exstitit.
319 2201 480 2249 Magna
511 2199 616 2237 enim
646 2199 690 2236 vi
722 2198 889 2236 dicendi
922 2199 964 2235 et
994 2197 1273 2245 persuadendi
1296 2199 1338 2236 et
1368 2197 1518 2247 insigni
1547 2201 1636 2237 arte
1661 2199 1770 2238 scri-

97 2270 237 2317 bendi,
269 2269 451 2307 audacia
481 2268 605 2306 etiam
637 2269 677 2305 et
706 2266 906 2305 facundia
937 2264 1019 2316 (cf.
1047 2266 1165 2307 Dem.
1190 2266 1233 2307 ll.
1258 2275 1319 2307 cc.
1343 2267 1385 2305 et
1404 2267 1559 2308 Aesch.
1583 2268 1637 2316 1¹,
1664 2266 1770 2317 125)

100 2338 347 2386 instructus,
389 2337 441 2376 ad
484 2338 724 2376 Isocrateae
765 2335 1027 2385 eloquentiae
1065 2333 1198 2374 instar
1240 2336 1282 2374 et
1310 2335 1429 2385 leges
1455 2322 1646 2375 *eruditus
1675 2348 1772 2378 esse

100 2408 272 2446 videtur
310 2406 460 2457 (etiam
497 2407 710 2444 Platonem
747 2395 963 2443 audivisse
1004 2404 1151 2453 fertur,
1192 2399 1311 2454 mog.
1342 2405 1419 2451 111,
1448 2403 1519 2445 46.
1551 2404 1606 2445 cf.
1638 2407 1692 2447 K.
1723 2408 1770 2447 F.

96 2477 307 2515 Hermann
341 2476 493 2516 Gesch.
520 2474 558 2515 d.
581 2475 683 2524 plat.
712 2474 819 2514 Phil.
844 2471 1003 2523 1‚<74);
1033 2473 1318 2522 institutioque
1346 2472 1459 2512 cadit
1478 2473 1520 2512 in
1543 2474 1606 2517 01.
1631 2475 1770 2515 1⁰3-

100 2545 184 2585 104
215 2555 336 2593 quum
372 2545 438 2586 01.
474 2543 555 2583 105
588 2544 760 2582 caedem
791 2542 955 2590 tyranni
988 2538 1343 2592 commiserit.¹⁸)

240 2657 301 2701 ¹⁷)
329 2660 375 2692 ad
408 2667 514 2702 quem
539 2658 823 2691 familiaritatem
849 2666 984 2690 nomen
1016 2657 1083 2689 filii
1116 2655 1352 2691 Timothei
1383 2657 1443 2700 qui
1474 2654 1563 2688 natu
1587 2656 1767 2692 maximus

98 2717 275 2752 clearcho
293 2717 383 2754 erat,
398 2717 537 2749 referre
553 2716 676 2750 studet
693 2713 868 2748 Schaefer
886 2714 908 2747 1.
928 2724 959 2747 e.
974 2714 1003 2753 Ι,
1022 2714 1089 2748 107
1107 2713 1453 2747 eontra'Rehdantz‘.
1474 2712 1498 2745 1.
1515 2710 1589 2754 hp.
1607 2712 1675 2748 246
1691 2709 1767 2757 sq.)

243 2773 543 2825 ¹⁸)·0rationum
570 2772 629 2806 vel
664 2772 883 2814 scriptorum
914 2771 963 2805 nil
990 2772 1161 2806 servatur
1190 2772 1263 2806 nisi
1295 2770 1389 2804 forte
1422 2769 1579 2812 epistola
1610 2768 1769 2813 Philippi

0 2969 1889 3015 ——d
