1889 3015
925 48 955 90 4

99 199 205 237 quae
249 188 290 227 in
322 188 476 228 bellum
505 188 910 238 Peloponnesiacum
942 191 1068 240 cadit,
1110 189 1165 229 nil
1203 188 1319 229 aliud
1359 193 1615 241 compertum
1643 191 1774 232 habe-

93 268 211 306 mus,
262 268 385 306 quam
424 258 533 306 quod
576 257 775 308 Gorgiam
815 258 1038 298 auditurus
1076 259 1119 298 in
1156 258 1415 300 Thessaliam
1452 260 1668 310 profectus
1710 263 1776 301 est

95 324 263 375 (Quint.
303 326 378 373 111,
418 327 456 374 1,
500 327 566 368 12.
615 325 706 368 Cic.
738 337 796 369 or.
824 324 921 376 52),
972 327 1092 367 cuius
1132 330 1280 378 postea
1317 328 1574 369 clarissimus
1610 329 1775 369 auditor

94 394 245 435 evasit.
305 394 482 433 Athenis
515 395 554 433 ei
585 396 772 435 versanti
804 405 976 445 operam
1008 407 1091 435 non
1118 396 1247 446 dedit,
1278 408 1372 437 nam
1404 396 1496 437 eius
1524 397 1588 437 rei
1619 398 1773 438 desunt

92 461 344 512 testimonia,
387 464 429 501 et
460 463 549 513 ipse
592 463 770 516 Gorgias
807 463 1104 504 Leontinorum
1133 464 1303 517 legatus
1333 466 1519 505 Isocrate
1548 464 1772 505 admodum

91 542 223 580 puero
254 542 363 570 anno
394 532 481 570 427
521 533 695 581 primum
725 533 917 573 Athenas
948 534 1102 574 missus
1140 532 1287 585 (Diod.
1313 535 1410 585 XII,
1439 531 1521 584 53)
1559 544 1586 573 a
1625 534 1770 574 Philo-

90 600 224 639 strato
268 597 335 650 (in
365 600 439 640 vit.
478 598 631 650 Gorg.)
668 601 752 639 iam
788 612 923 641 senex
952 601 1214 642 Alcibiadem
1260 604 1301 641 et
1330 601 1502 642 Critiam
1533 601 1770 642 erudivisse

91 669 334 717 nuntiatur;
373 670 415 707 et
456 679 705 718 quamquam
741 670 837 719 plus
876 672 1008 711 semel
1038 671 1217 713 Athenis
1248 671 1589 721 commorabatur,
1629 673 1769 710 tamen

90 748 174 775 non
194 737 375 775 Athenis
396 737 473 776 sed
494 737 537 776 iu
558 738 777 777 Thessalia
800 739 927 778 vitam
949 739 1120 790 degisse
1141 739 1319 779 Isocrati
1339 738 1473 778 fertur
1504 739 1624 790 (XV,
1645 736 1767 789 155).

231 805 402 855 Tisiam,
434 805 618 856 Gorgiae
648 806 910 856 magistrum,
952 807 1149 847 Isocratis
1179 817 1342 857 quoque
1370 809 1684 857 praeceptorem
1710 826 1768 837 —

91 874 200 923 quod
241 874 386 912 volunt
423 873 515 914 vitt.
557 875 718 923 scriptt.
761 894 818 903 —
865 875 1019 915 habere
1059 873 1286 924 noluerim,
1324 876 1618 927 chronologica
1659 875 1766 914 enim

88 943 196 981 ratio
227 942 375 983 obstat.
435 943 499 981 De
529 943 783 993 Protagorae
828 946 869 983 et
898 944 1065 984 Prodici
1095 944 1354 984 institutione
1394 945 1621 994 scriptores
1649 945 1767 984 recte

90 1011 410 1059 cogitaverunt3
454 1010 507 1048 de
544 1021 775 1061 progressu
812 1015 951 1050 autem
990 1024 1067 1052 suo
1097 1012 1140 1051 in
1178 1013 1313 1052 literis
1354 1009 1413 1052 inv
1435 1012 1694 1062 philosophia
1723 1015 1767 1051 et

87 1080 178 1118 arte
211 1077 392 1118 oratoria
420 1077 513 1128 ipse
544 1077 663 1130 (XV,
698 1077 805 1131 161)
846 1081 1058 1120 Isocrates
1097 1078 1332 1128 confitetur,
1362 1092 1410 1121 se
1439 1080 1548 1120 inter
1565 1080 1765 1130 aequales

87 1152 130 1188 et
160 1147 472 1196 condiscipulos
511 1148 732 1188 clariorem
774 1159 895 1198 quam
925 1152 1074 1199 postea
1113 1149 1222 1188 inter
1262 1149 1383 1190 cives
1415 1148 1566 1191 fuisse.
1626 1149 1763 1189 Etiam

86 1216 335 1258 Socraticae
366 1216 660 1255 celeberrimae
692 1216 878 1256 familiae
902 1219 1138 1260 consortem
1173 1227 1267 1257 eum
1290 1217 1458 1256 abunde
1485 1217 1579 1267 ipsa
1606 1217 1765 1267 scripta

84 1286 254 1336 placitis
283 1285 582 1335 philosophicis
612 1285 771 1326 referta
802 1289 845 1326 et
875 1286 1062 1328 Platonis
1091 1285 1259 1336 insigne
1283 1285 1490 1335 judicium
1517 1285 1560 1326 in
1580 1285 1762 1326 Phaedri

84 1366 186 1405 pag.
230 1353 316 1394 2⁷8
352 1364 429 1403 sq.‚
471 1349 578 1403 quod
618 1355 769 1394 Cicero
810 1356 936 1395 latine
983 1356 1024 1394 in
1063 1365 1122 1396 or.
1162 1355 1230 1395 12.
1273 1354 1517 1405 composuit,
1553 1356 1763 1395 testantur

83 1423 166 1476 (cf.
196 1422 352 1463 Pfund.
392 1434 433 1472 p.
465 1423 492 1462 4
531 1425 572 1462 et
601 1424 629 1462 8
670 1434 766 1463 cum
802 1425 1008 1475 Sauppi03
1047 1423 1320 1474 Spengelium
1360 1423 1402 1462 in
1441 1424 1680 1473 „Isocrates
1718 1425 1762 1463 et

82 1491 234 1531 Plato“
263 1490 441 1540 incripto
471 1489 615 1542 libro).
677 1492 1059 1533 Coniunctissimus
1100 1492 1281 1541 denique
1319 1491 1400 1531 fuit
1428 1491 1542 1532 vitae
1574 1502 1759 1532 consue-

83 1561 232 1600 tudine
262 1570 315 1599 ac
345 1560 577 1600 studiorum
606 1561 812 1601 societate
840 1573 934 1601 cum
964 1562 1236 1611 Theramene,
1259 1572 1388 1617 >quem
1417 1571 1444 1599 a
1463 1560 1588 1600 XXX
1615 1550 1761 1609 tyran-

84 1630 151 1669 nis
182 1631 476 1679 interemptum
507 1630 633 1669 valde
663 1630 849 1681 lugebat.
919 1630 1053 1670 Cuius
1082 1632 1177 1680 post
1204 1631 1378 1669 mortem
1405 1629 1561 1669 Noster
1587 1629 1760 1680 triginta

84 1700 192 1739 duos
222 1710 353 1739 annos
384 1700 510 1737 natus
540 1699 770 1748 sophistica
808 1701 897 1739 arte
928 1699 1163 1740 instructus
1191 1698 1234 1738 in
1263 1698 1393 1738 vitam
1421 1698 1628 1748 publicam
1657 1708 1757 1749 pro-

83 1768 177 1814 diit,
209 1777 289 1806 nec
318 1769 457 1804 tamen
488 1767 541 1804 ad
573 1768 867 1815 rempublicam
899 1768 1252 1816 magistratusque
1279 1766 1531 1804 subeundos
1559 1766 1757 1814 accessit,

81 1837 157 1876 sed
191 1839 238 1876 ut
273 1835 371 1885 jure
403 1835 621 1875 consultus
652 1835 860 1875 orationes
899 1835 1120 1875 iudiciales
1160 1844 1236 1885 pro
1277 1833 1386 1875 alios
1425 1833 1677 1884 scripturum
1706 1844 1757 1876 se

78 1906 192 1955 apud
225 1906 344 1944 cives
372 1903 592 1953 professus
623 1906 700 1946 est.
745 1905 900 1943 Variae
930 1906 1069 1943 autem
1100 1914 1258 1943 causae
1288 1903 1327 1942 ei
1358 1905 1490 1952 erant,
1530 1903 1638 1952 quod
1674 1902 1755 1944 isto

79 1973 326 2025 logographi
360 1984 481 2023 quem
515 1972 668 2012 Graeci
691 1974 845 2013 vocant
875 1984 1046 2012 munere
1076 1970 1336 2022 fungeretur.
1388 1971 1570 2011 Primum
1591 1971 1756 2021 quidem

79 2045 267 2093 apparet,
306 2042 376 2091 qui
417 2041 739 2081 delectationem
776 2053 978 2097 summam
1015 2053 1069 2080 ex
1102 2041 1362 2090 eloquentiae
1401 2044 1443 2080 et
1471 2040 1754 2090 philosophiae

79 2112 232 2153 studiis
274 2111 326 2151 ab
368 2111 519 2161 optimo
562 2121 724 2161 quoque
774 2113 1048 2161 praeceptore
1077 2109 1206 2150 rectis
1254 2109 1415 2160 ceperit
1460 2109 1755 2161 ingentemque

78 2181 350 2222 scientiarum
372 2180 522 2219 molem
544 2178 623 2218 sibi
646 2180 917 2229 congesserit,
948 2190 1043 2218 eum
1065 2181 1196 2217 artem
1216 2177 1543 2218 suamdivinam
1570 2178 1614 2216 in
1631 2188 1754 2217 usum

79 2251 236 2290 civium
269 2250 521 2289 convertere
551 2247 763 2297 voluisse3
794 2248 947 2287 deinde
967 2259 1050 2287 non
1080 2247 1245 2287 inscius
1270 2247 1374 2294 erat,
1405 2258 1451 2287 se
1475 2245 1637 2292 minime
1657 2245 1752 2296 qul-

78 2322 172 2359 dem
204 2319 401 2357 idoneum
434 2328 542 2365 esse,
583 2317 651 2365 qui
683 2318 723 2355 in
756 2316 846 2355 foro
876 2314 1087 2366 rebusque
1115 2315 1314 2366 gerendis
1343 2317 1601 2365 versaretur,
1631 2305 1752 2366 inge-

76 2389 146 2427 nio
177 2390 317 2427 autem
348 2385 597 2436 praeditum,
630 2386 739 2435 quod
782 2385 834 2423 ad
875 2385 982 2425 bene
1013 2383 1513 2436 cogitandumrecteque
1542 2384 1753 2434 agendum

76 2458 252 2504 valeret,
296 2458 338 2494 et
378 2455 515 2494 animo
561 2454 714 2503 optime
752 2454 977 2504 composito
1016 2453 1070 2492 ad
1107 2453 1373 2493 scribendum
1411 2452 1749 2503 docendumque;

75 2536 211 2574 neque
252 2535 428 2574 usquam
468 2523 581 2574 apud
622 2523 748 2562 totius
784 2523 927 2573 populi
966 2524 1217 2562 conventum
1248 2521 1584 2572 concionabatur,
1625 2531 1751 2571 quum

76 2596 189 2635 duae
230 2604 314 2642 res,
348 2602 456 2642 quae
486 2590 711 2642 plurimum
740 2591 783 2631 in
803 2594 976 2631 oratore
1006 2591 1161 2640 valent,
1194 2601 1289 2630 eum
1318 2601 1489 2641 prorsus
1519 2588 1751 2630 deficerent

75 2664 197 2704 vocis
236 2661 479 2711 magnitudo
518 2663 559 2701 et
597 2661 779 2701 audacia
819 2655 989 2712 (τόλμα
1029 2672 1078 2699 τε
1113 2659 1191 2699 καὶ
1229 2648 1382 2716 φωνῆς
1409 2657 1603 2712 μέγεθος
1627 2659 1748 2703 Dion.

76 2734 131 2782 V,
161 2745 201 2782 p.
232 2730 320 2771 534
358 2741 488 2780 quare
537 2724 820 2786 ι’σχνὸφωνος
866 2743 915 2770 τε
943 2729 1021 2769 καὶ
1048 2721 1236 2785 sempr),-
1273 2740 1301 2768 a
1338 2731 1409 2770 Ps.
1440 2728 1550 2772 Plut.
1573 2727 1671 2769 '83⁷
1709 2740 1749 2778 a,

78 2795 223 2848 δειλὸς
251 2800 328 2840 καὶ
358 2793 567 2854 αἰδήμων
605 2801 657 2841 ab
687 2802 905 2848 Anouymo
936 2810 976 2850 p.
1007 2801 1080 2842 lx.
1112 2799 1236 2842 Dind.
1266 2800 1444 2839 vocatur
1474 2796 1681 2842 αἰδοῖὰ.
1711 2809 1747 2839 s.

0 2986 1889 3015 d
