1889 3015
917 30 975 74 23

109 176 285 220 mulmis
322 171 517 214 laudibus
558 169 648 224 (99
689 168 945 221 114-129)
986 173 1028 210 et
1066 170 1167 211 illud
1204 169 1456 221 potissimum
1498 169 1628 218 effert,
1673 173 1781 219 quod

113 247 177 286 tot
202 241 343 286 socios
368 242 589 282 elementia
623 240 832 290 animique
855 239 1103 279 liberalitate
1133 241 1174 278 et
1211 233 1426 289 aequitate
1464 238 1518 277 ad
1549 237 1782 278 Athenien·-

101 315 225 356 'slum
244 311 405 351 <foedos
433 308 676 363 perduxerit
709 306 861 359 (122).
923 309 1063 358 Atque
1102 309 1159 347 ita
1198 307 1360 357 quidem
1390 307 1578 358 proxime
1609 307 1663 345 ad
1694 307 1785 345 lso-

117 381 249 421 cratei
279 380 433 431 ingenii
463 379 647 429 speciem
673 376 855 426 *accedia
887 379 934 415 ut
961 386 1042 415 non
1069 377 1263 426 superbia
1288 377 1423 416 elatus
1452 386 1588 425 neque
1614 375 1787 424 *militari

116 450 361 500 arrogantia
391 453 527 498 neque
555 447 643 485 ullo
673 444 754 485 alio
784 445 887 485 vitio
917 443 1093 485 affectus
1128 445 1184 486 sit
1214 442 1348 497 (131)
1389 444 1463 484 sed
1501 446 1616 483 vitae
1644 444 1786 494 probi-

116 521 204 559 tate
233 521 278 559 et
305 521 463 559 ntorum
493 504 734 566 integritate
767 514 1019 565 conspicuus
1049 514 1215 554 nimiam
1245 512 1419 565 gloriam
1452 514 1492 552 et
1509 513 1783 554 existimatio-

117 596 211 630 nem
241 585 606 638 apud-populares
636 592 838 634 spernens
869 584 974 624 civis
1005 583 1114 623 inter
1142 584 1258 625 cives
1294 582 1421 621 vitam
1453 581 1607 632 degere
1638 582 1786 621 volue-

116 658 208 700 rit*
237 657 383 705 quue,
424 653 532 704 quod
572 652 762 692 favorem
802 654 843 692 et
880 664 1024 692 auram
1061 653 1200 702 populi
1245 653 1414 701 captare
1453 653 1494 690 et
1523 662 1591 690 res
1630 650 1785 690 cotidie

116 724 347 764 incidentes
378 722 431 761 ad
463 727 586 761 suum
615 718 739 761 ushm
770 722 1015 760 convertere
1034 731 1243 770 nunquam
1268 719 1477 760 studuerit
1501 715 1784 769 (132—138)

114 791 159 830 id
186 792 322 830 solum
352 791 452 830 'vitio
486 791 524 829 ei
565 790 616 828 ah
646 785 834 829 Isocrate
864 789 999 839 datur,
1031 789 1139 839 quod
1169 789 1280 827 idem
1315 787 1356 825 in
1385 787 1475 836 ipsa
1504 790 1666 835 quoque
1696 788 1786 826 Iso-

117 859 250 899 cratis
277 859 416 898 indole
446 861 490 897 et
518 860 668 897 natura
699 858 880 907 reperire
910 857 1021 899 licet.
1069 857 1269 897 Ceterum
1300 856 1352 894 ad
1376 855 1661 905 praeceptoris
1691 865 1786 904 per-

115 924 274 966 fectum
303 925 460 976 ingenii
490 925 625 966 instar
651 925 891 965 Timotheus
921 925 1093 965 vivendi
1133 927 1174 964 et
1203 925 1356 974 agendi
1387 923 1585 962 rationem
1616 922 1785 961 confor-

116 995 258 1046 mavit,
299 997 341 1035 et
378 1002 472 1034 eum
507 993 550 1033 in
587 994 730 1044 primis
770 996 979 1035 Isocrates
1015 993 1265 1034 intellexerit
1301 993 1343 1032 in
1381 1004 1439 1035 or.
1470 992 1565 1039 XII,
1595 991 1651 1030 87
1688 1002 1785 1040 pro-

52 1073 56 1075 ·
116 1063 273 1115 senonen,
303 1075 351 1104 se
390 1063 525 1113 magis
564 1063 617 1104 iis'
657 1063 934 1103 familiaribus
973 1064 1225 1103 delectatum
1258 1073 1365 1109 esse,
1407 1061 1475 1110 qui
1507 1060 1621 1098 vitae
1648 1060 1786 1109 probi-

116 1133 205 1172 tate
234 1134 276 1172 et
304 1132 430 1173 rebus
460 1132 657 1183 gerendis
678 1133 1123 1182 excelluerint‚‚quam
1142 1130 1379 1180 eloquentia
1400 1127 1651 1177 conspicuis.
1696 1130 1785 1167 Ac-

116 1201 229 1240 cedit
256 1200 455 1239 iudicium
485 1202 669 1240 auctoris
717 1200 866 1240 incerti
902 1200 1073 1248 Erotici,
1114 1199 1182 1248 qui
1214 1199 1513 1237 Demosthenes
1548 1196 1698 1245 fertur,
1729 1217 1786 1224 —

119 1268 418 1307 Audi-ctionem
447 1269 541 1318 plus
570 1269 702 1309 semel
732 1268 872 1317 Gorty
907 1268 949 1306 in
979 1269 1107 1308 Isocr.
1146 1267 1244 1308 edit.
1287 1277 1381 1306 esse
1410 1266 1555 1314 voluit,
1595 1263 1649 1307 cf.
1682 1265 1788 1304 We-

113 1338 258 1378 sterm.
287 1337 381 1376 hist.
406 1347 469 1386 gr,
496 1338 548 1377 el.
571 1348 612 1386 p.
636 1337 719 1376 305
743 1358 798 1365 —
831 1336 873 1374 et
904 1337 973 1384 qui
999 1336 1123 1374 nimio
1154 1335 1352 1374 Isocratis
1376 1334 1522 1372 favore
1553 1344 1633 1372 non
1664 1334 1788 1382 plane

115 1405 323 1455 integrum
350 1405 550 1444 iudicium
580 1407 717 1444 tamen
748 1405 837 1444 veri
870 1405 1072 1454 quandam
1103 1404 1287 1454 speciem
1324 1403 1517 1453 praebet:
1559 1396 1789 1454 Τιμόθεος

116 1466 196 1513 οὐκ
226 1468 273 1521 ἐξ
301 1466 367 1513 ὦν
395 1468 606 1528 νεώτερος
628 1468 692 1513 ὤν
716 1468 1025 1526 ἐπετήδευσεν,
1052 1466 1155 1512 ἄλλ’.
1170 1468 1221 1520 ἐξ
1242 1463 1310 1510 ὦν
1325 1464 1569 1523 Ἰσοκράτει
1593 1466 1782 1510 συνδια-
1799 1418 1817 1527 J

117 1538 292 1596 τρίψας
320 1535 500 1597 ἔπραξε,
530 1539 736 1595 μεγίστης
764 1535 897 1595 δόξης
924 1541 1005 1580 καὶ
1021 1535 1243 1580 πλείστων
1261 1534 1406 1590 τιμῶν
1424 1531 1620 1593 εὑρήσεις
1645 1531 1783 1588 α’ξιω-

115 1607 274 1649 θέντα.

255 1678 329 1720 vl.
382 1674 602 1735 Leo-lamas,
633 1679 930 1727 Achai-nensis,
962 1680 1112 1718 orator.
1159 1678 1398 1717 Isocrateus
1418 1678 1594 1717 vocatur
1623 1688 1691 1726 ap.
1714 1678 1785 1718 Ps.

116 1747 258 1796 PLaeP.
298 1747 383 1787 837
425 1748 475 1789 Ι).
520 1749 638 1789 Phot.
680 1748 765 1786 200
803 1758 843 1797 p.
882 1748 980 1789 486.
1041 1749 1148 1794 Eum
1177 1746 1334 1796 Saupp.
1374 1746 1446 1788 Or.
1478 1748 1566 1787 Att.
1608 1747 1661 1794 11,
1698 1747 1784 1785 21⁰

116 1816 232 1854 reete
272 1824 298 1853 a
335 1816 616 1855 Leodamante‘
653 1815 696 1854 in
732 1815 855 1855 XXX
897 1815 1113 1866 imperium
1150 1815 1362 1854 incidente
1399 1814 1606 1864 secrevit3
1645 1817 1787 1853 noster

120 1883 227 1922 enim
257 1883 389 1923 minor
418 1886 540 1926 natus
568 1884 742 1935 primum
772 1885 813 1923 in
842 1884 1054 1934 publicum
1078 1884 1277 1935 prodierit
1305 1893 1344 1927 a.
1376 1884 1459 1924 3⁷6
1484 1885 1577 1940 post
1604 1893 1787 1942 gugnam

117 1951 177 1989 ad
202 1951 371 1991 Naxum
417 1953 691 2001 commissam,
730 1953 807 1994 snb
849 1953 958 1992 idem
989 1954 1096 1993 enim
1126 1955 1292 2002 tempus
1329 1954 1541 1992 auctorem
1578 1951 1787 2001 plebisciti

119 2020 172 2059 de
198 2020 318 2060 donis
347 2021 388 2059 in
411 2021 630 2061 Chabriam
659 2022 859 2060 victorem
891 2021 1154 2061 conferendis
1183 2022 1226 2059 in
1256 2022 1322 2060 ius
1355 2031 1515 2059 vocans
1545 2019 1786 2071 (Demosth.

117 2098 158 2138 ρ.
189 2088 288 2130 482.
318 2088 416 2130 501.
447 2087 557 2140 502)
587 2089 677 2139 ipse
707 2089 863 2129 iudicio
895 2090 1060 2132 cecidit.
1120 2091 1274 2130 Postea
1303 2089 1557 2140 legationem
1589 2089 1644 2128 ad
1674 2090 1785 2128 The-

117 2159 247 2197 banos
269 2159 457 2208 suscepit
481 2169 564 2198 una
592 2169 686 2197 cum
707 2159 799 2199 aliis
822 2159 1111 2198 Thebanorum
1137 2158 1297 2200 amicis.
1335 2159 1438 2197 Tum
1459 2158 1503 2197 in
1526 2168 1655 2198 causa
1679 2158 1785 2198 Oro-

116 2226 189 2276 pia
218 2229 442 2267 accusator
471 2227 686 2283 Chabriae
710 2229 752 2266 et
782 2225 1012 2284 Callisti-ati
1038 2227 1199 2267 exstitit
1227 2238 1267 2270 a.
1294 2226 1392 2277 366,
1422 2226 1544 2266 cuius
1575 2226 1784 2265 orationes

1163 2280 1208 2291 -mw,
1212 2277 1558 2291 numm-ermmwww
1565 2281 1584 2289 ,ι

119 2294 308 2346 fragmen
327 2289 397 2335 um
426 2289 622 2356 E‘usillum
652 2297 789 2346 adhuc
817 2300 1013 2336 servatur
1037 2296 1536 2362 ‘'E-Afistzjfflfkkss
1569 2297 1784 2336 Postremo

120 2364 231 2403 inter
260 2365 423 2404 iudices
453 2365 621 2414 publice
652 2368 817 2404 creatos
847 2365 955 2415 legis
985 2366 1216 2416 Leptineae
1245 2374 1331 2403 una
1362 2374 1455 2403 cum
1485 2364 1783 2415 Aristophonte

118 2433 349 2473 Azeniensi
378 2444 417 2477 a.
448 2434 533 2474 354
564 2433 704 2485 (Dem.
736 2446 774 2484 p.
801 2433 912 2484 501)
943 2437 1196 2476 numeratur.
1242 2435 1285 2474 Is
1315 2433 1588 2473 institutionis
1615 2434 1784 2474 Isocra-

117 2503 210 2541 teae
241 2501 397 2563 indicia
426 2498 594 2543 dicendi
625 2502 709 2542 vim
748 2505 790 2542 et
828 2504 1047 2543 oratoriam
1089 2503 1379 2543 dexteritatem
1416 2514 1514 2554 prae
1545 2514 1590 2541 se
1622 2498 1787 2542 fei-ebat

117 2634 238 2660 rex-'om
273 2627 461 2661 oblaturus
494 2628 531 2661 in
567 2628 746 2663 mortuum
778 2628 878 2662 illum
904 2630 1057 2662 amicum
1093 2629 1271 2663 conviciis
1306 2628 1551 2666 inveheretur.
1584 2627 1780 2665 Isocrates,

117 2682 312 2727 postquam
335 2683 583 2718 trierarchiam
608 2686 677 2719 rite
695 2686 975 2722 administravit,
999 2695 1094 2720 anno
1118 2686 1187 2720 35³
1211 2688 1377 2720 oratione
1404 2686 1472 2726 „de
1490 2655 1820 2769 permutationfflff

116 2738 295 2783 inscripta
317 2743 519 2777 calumnias
543 2742 737 2785 piaverurn
763 2744 947 2776 hominum
969 2746 1005 2777 in
1030 2753 1072 2778 se
1094 2753 1274 2786 suumque
1299 2745 1455 2777 amicum
1476 2743 1658 2778 coniectas
1685 2741 1777 2774 resu-

117 2797 197 2832 tare
220 2798 388 2835 instituit.
