<?xml version="1.0" encoding="UTF-8"?>
<!DOCTYPE html PUBLIC "-//W3C//DTD XHTML 1.0 Transitional//EN"
    "http://www.w3.org/TR/xhtml1/DTD/xhtml1-transitional.dtd">
<html xmlns="http://www.w3.org/1999/xhtml" xml:lang="en" lang="en">
 <head>
  <title>
</title>
<meta http-equiv="Content-Type" content="text/html;charset=utf-8" />
  <meta name='ocr-system' content='tesseract 3.04.00' />
  <meta name='ocr-capabilities' content='ocr_page ocr_carea ocr_par ocr_line ocrx_word'/>
</head>
<body>
  <div class='ocr_page' id='page_1' title='image "4737169_0044.png"; bbox 0 0 1889 3015; ppageno 0'>
   <div class='ocr_carea' id='block_1_1' title="bbox 889 44 949 98">
    <p class='ocr_par' dir='ltr' id='par_1_1' title="bbox 889 44 949 98">
     <span class='ocr_line' id='line_1_1' title="bbox 889 44 949 98; baseline 0 0"><span class='ocrx_word' id='word_1_1' title='bbox 889 44 949 98; x_wconf 79' lang='lat'>33</span> 
     </span>
    </p>
   </div>
   <div class='ocr_carea' id='block_1_2' title="bbox 822 112 1026 121">
    <p class='ocr_par' dir='ltr' id='par_1_2' title="bbox 822 112 1026 121">
     <span class='ocr_line' id='line_1_2' title="bbox 822 112 1026 121; baseline 0 2894"><span class='ocrx_word' id='word_1_2' title='bbox 822 112 1026 121; x_wconf 95' lang='lat' dir='ltr'> </span> 
     </span>
    </p>
   </div>
   <div class='ocr_carea' id='block_1_3' title="bbox 97 188 1793 1629">
    <p class='ocr_par' dir='ltr' id='par_1_3' title="bbox 98 188 1788 457">
     <span class='ocr_line' id='line_1_3' title="bbox 98 188 1750 251; baseline -0.005 -12"><span class='ocrx_word' id='word_1_3' title='bbox 98 197 320 238; x_wconf 80' lang='lat' dir='ltr'>accedens.</span> <span class='ocrx_word' id='word_1_4' title='bbox 378 195 446 235; x_wconf 75' lang='lat' dir='ltr'>Ex</span> <span class='ocrx_word' id='word_1_5' title='bbox 475 194 548 235; x_wconf 84' lang='lat' dir='ltr'>illa</span> <span class='ocrx_word' id='word_1_6' title='bbox 578 194 778 235; x_wconf 84' lang='lat' dir='ltr'>dictorum</span> <span class='ocrx_word' id='word_1_7' title='bbox 817 195 1061 251; x_wconf 80' lang='lat' dir='ltr'>collectione</span> <span class='ocrx_word' id='word_1_8' title='bbox 1100 188 1349 245; x_wconf 51' lang='lat' dir='ltr'>pleraeque,¹</span> <span class='ocrx_word' id='word_1_9' title='bbox 1374 202 1479 244; x_wconf 79' lang='lat' dir='ltr'>quae</span> <span class='ocrx_word' id='word_1_10' title='bbox 1520 202 1633 232; x_wconf 89' lang='lat' dir='ltr'>nunc</span> <span class='ocrx_word' id='word_1_11' title='bbox 1660 203 1750 232; x_wconf 83' lang='lat' dir='ltr'>ser-</span> 
     </span>
     <span class='ocr_line' id='line_1_4' title="bbox 101 235 1788 337; baseline -0.004 -29"><span class='ocrx_word' id='word_1_12' title='bbox 101 269 268 316; x_wconf 79' lang='lat' dir='ltr'>vantur,</span> <span class='ocrx_word' id='word_1_13' title='bbox 296 265 528 307; x_wconf 80' lang='lat' dir='ltr'>sententiae</span> <span class='ocrx_word' id='word_1_14' title='bbox 555 266 731 306; x_wconf 80' lang='lat' dir='ltr'>haustae</span> <span class='ocrx_word' id='word_1_15' title='bbox 761 264 968 314; x_wconf 84' lang='lat' dir='ltr'>videntur,</span> <span class='ocrx_word' id='word_1_16' title='bbox 1004 263 1043 303; x_wconf 89' lang='lat' dir='ltr'>in</span> <span class='ocrx_word' id='word_1_17' title='bbox 1074 266 1164 303; x_wconf 88' lang='lat' dir='ltr'>arte</span> <span class='ocrx_word' id='word_1_18' title='bbox 1193 266 1332 304; x_wconf 85' lang='lat' dir='ltr'>autem</span> <span class='ocrx_word' id='word_1_19' title='bbox 1361 272 1446 304; x_wconf 84' lang='lat' dir='ltr'>uua</span> <span class='ocrx_word' id='word_1_20' title='bbox 1475 273 1569 303; x_wconf 91' lang='lat' dir='ltr'>cum</span> <span class='ocrx_word' id='word_1_21' title='bbox 1600 235 1788 337; x_wconf 31' lang='lat' dir='ltr'>ceteris&amp;</span> 
     </span>
     <span class='ocr_line' id='line_1_5' title="bbox 102 322 1753 386; baseline -0.004 -10"><span class='ocrx_word' id='word_1_22' title='bbox 102 336 329 377; x_wconf 74' lang='lat' dir='ltr'>isocrateis</span> <span class='ocrx_word' id='word_1_23' title='bbox 367 333 648 386; x_wconf 83' lang='lat' dir='ltr'>praeceptoris</span> <span class='ocrx_word' id='word_1_24' title='bbox 687 333 770 373; x_wconf 86' lang='lat' dir='ltr'>vim</span> <span class='ocrx_word' id='word_1_25' title='bbox 809 343 862 373; x_wconf 89' lang='lat' dir='ltr'>ac</span> <span class='ocrx_word' id='word_1_26' title='bbox 906 333 1197 383; x_wconf 83' lang='lat' dir='ltr'>praestantiam</span> <span class='ocrx_word' id='word_1_27' title='bbox 1236 344 1314 372; x_wconf 85' lang='lat' dir='ltr'>non</span> <span class='ocrx_word' id='word_1_28' title='bbox 1353 334 1459 373; x_wconf 86' lang='lat' dir='ltr'>adeo</span> <span class='ocrx_word' id='word_1_29' title='bbox 1501 322 1753 372; x_wconf 80' lang='lat' dir='ltr'>consecutus</span> 
     </span>
     <span class='ocr_line' id='line_1_6' title="bbox 100 397 1724 457; baseline -0.002 -11"><span class='ocrx_word' id='word_1_30' title='bbox 100 407 181 457; x_wconf 84' lang='lat' dir='ltr'>est,</span> <span class='ocrx_word' id='word_1_31' title='bbox 211 406 258 445; x_wconf 81' lang='lat' dir='ltr'>ui</span> <span class='ocrx_word' id='word_1_32' title='bbox 286 409 388 446; x_wconf 86' lang='lat' dir='ltr'>cum·</span> <span class='ocrx_word' id='word_1_33' title='bbox 409 404 478 446; x_wconf 87' lang='lat' dir='ltr'>illo</span> <span class='ocrx_word' id='word_1_34' title='bbox 509 403 781 454; x_wconf 82' lang='lat' dir='ltr'>comparetur.</span> <span class='ocrx_word' id='word_1_35' title='bbox 815 400 894 445; x_wconf 22' lang='lat' dir='ltr'>aci.</span> <span class='ocrx_word' id='word_1_36' title='bbox 925 402 1029 443; x_wconf 85' lang='lat' dir='ltr'>Dion</span> <span class='ocrx_word' id='word_1_37' title='bbox 1056 398 1085 445; x_wconf 89' lang='grc'>1.</span> <span class='ocrx_word' id='word_1_38' title='bbox 1117 412 1154 443; x_wconf 85' lang='grc' dir='ltr'>ο.</span> <span class='ocrx_word' id='word_1_39' title='bbox 1186 400 1273 443; x_wconf 82' lang='lat' dir='ltr'>Cic.</span> <span class='ocrx_word' id='word_1_40' title='bbox 1305 402 1357 443; x_wconf 85' lang='lat' dir='ltr'>de</span> <span class='ocrx_word' id='word_1_41' title='bbox 1387 413 1445 444; x_wconf 88' lang='lat' dir='ltr'>or.</span> <span class='ocrx_word' id='word_1_42' title='bbox 1477 403 1532 453; x_wconf 88' lang='lat'>11,</span> <span class='ocrx_word' id='word_1_43' title='bbox 1560 397 1724 452; x_wconf 74' lang='lat'>23.²⁶)</span> 
     </span>
    </p>

    <p class='ocr_par' dir='ltr' id='par_1_4' title="bbox 100 469 1793 1149">
     <span class='ocr_line' id='line_1_7' title="bbox 229 469 1752 540; baseline -0.003 -25"><span class='ocrx_word' id='word_1_44' title='bbox 229 474 391 518; x_wconf 80' lang='lat' dir='ltr'>xvnl.</span> <span class='ocrx_word' id='word_1_45' title='bbox 438 469 625 540; x_wconf 58' lang='lat' dir='ltr'><strong>sluffiu</strong></span> <span class='ocrx_word' id='word_1_46' title='bbox 625 481 684 525; x_wconf 78' lang='lat' dir='ltr'>us,</span> <span class='ocrx_word' id='word_1_47' title='bbox 710 472 1028 521; x_wconf 56' lang='lat' dir='ltr'>Myrrhinam-is,</span> <span class='ocrx_word' id='word_1_48' title='bbox 1049 471 1328 522; x_wconf 83' lang='lat' dir='ltr'>philosophus,</span> <span class='ocrx_word' id='word_1_49' title='bbox 1350 471 1418 521; x_wconf 84' lang='lat' dir='ltr'>qui</span> <span class='ocrx_word' id='word_1_50' title='bbox 1435 472 1596 511; x_wconf 80' lang='lat' dir='ltr'>Platoni</span> <span class='ocrx_word' id='word_1_51' title='bbox 1616 481 1752 510; x_wconf 82' lang='lat' dir='ltr'>avun-</span> 
     </span>
     <span class='ocr_line' id='line_1_8' title="bbox 101 532 1793 616; baseline -0.005 -30"><span class='ocrx_word' id='word_1_52' title='bbox 101 545 196 586; x_wconf 78' lang='lat' dir='ltr'>culo</span> <span class='ocrx_word' id='word_1_53' title='bbox 225 532 447 586; x_wconf 65' lang='lat' dir='ltr'>successor</span> <span class='ocrx_word' id='word_1_54' title='bbox 461 542 602 583; x_wconf 70' lang='lat' dir='ltr'>factos</span> <span class='ocrx_word' id='word_1_55' title='bbox 630 544 696 581; x_wconf 87' lang='lat' dir='ltr'>est</span> <span class='ocrx_word' id='word_1_56' title='bbox 724 541 766 581; x_wconf 89' lang='lat' dir='ltr'>in</span> <span class='ocrx_word' id='word_1_57' title='bbox 794 540 1020 606; x_wconf 58' lang='lat' dir='ltr'>Academia</span> <span class='ocrx_word' id='word_1_58' title='bbox 1037 540 1123 593; x_wconf 79' lang='lat' dir='ltr'>(cf.</span> <span class='ocrx_word' id='word_1_59' title='bbox 1148 539 1268 582; x_wconf 87' lang='lat' dir='ltr'>Suld.</span> <span class='ocrx_word' id='word_1_60' title='bbox 1286 553 1321 583; x_wconf 85' lang='lat' dir='ltr'>s.</span> <span class='ocrx_word' id='word_1_61' title='bbox 1338 551 1379 584; x_wconf 81' lang='lat' dir='ltr'>v,</span> <span class='ocrx_word' id='word_1_62' title='bbox 1406 540 1526 590; x_wconf 79' lang='lat' dir='ltr'>mog.</span> <span class='ocrx_word' id='word_1_63' title='bbox 1547 541 1591 583; x_wconf 81' lang='lat' dir='ltr'>L.</span> <span class='ocrx_word' id='word_1_64' title='bbox 1608 540 1681 588; x_wconf 82' lang='lat' dir='ltr'>lv,</span> <span class='ocrx_word' id='word_1_65' title='bbox 1701 536 1752 589; x_wconf 86' lang='grc'>1)</span> <span class='ocrx_word' id='word_1_66' title='bbox 1780 544 1793 616; x_wconf 48' lang='lat'>3</span> 
     </span>
     <span class='ocr_line' id='line_1_9' title="bbox 102 607 1754 662; baseline -0.005 -6"><span class='ocrx_word' id='word_1_67' title='bbox 102 616 344 655; x_wconf 79' lang='lat' dir='ltr'>Isocrateae</span> <span class='ocrx_word' id='word_1_68' title='bbox 383 621 546 662; x_wconf 81' lang='lat' dir='ltr'>quoque</span> <span class='ocrx_word' id='word_1_69' title='bbox 582 610 829 661; x_wconf 84' lang='lat' dir='ltr'>disciplinae</span> <span class='ocrx_word' id='word_1_70' title='bbox 868 611 1122 661; x_wconf 72' lang='lat' dir='ltr'>aliquamdiu</span> <span class='ocrx_word' id='word_1_71' title='bbox 1162 614 1328 660; x_wconf 85' lang='lat' dir='ltr'>operam</span> <span class='ocrx_word' id='word_1_72' title='bbox 1367 609 1482 649; x_wconf 84' lang='lat' dir='ltr'>dedit</span> <span class='ocrx_word' id='word_1_73' title='bbox 1519 608 1565 659; x_wconf 92' lang='grc'>(1.</span> <span class='ocrx_word' id='word_1_74' title='bbox 1609 621 1646 652; x_wconf 85' lang='lat' dir='ltr'>c.</span> <span class='ocrx_word' id='word_1_75' title='bbox 1684 607 1754 659; x_wconf 73' lang='grc'>2),</span> 
     </span>
     <span class='ocr_line' id='line_1_10' title="bbox 103 667 1754 738; baseline -0.002 -13"><span class='ocrx_word' id='word_1_76' title='bbox 103 676 212 728; x_wconf 57' lang='grc' dir='ltr'><strong><em>ποκ’</em></strong></span> <span class='ocrx_word' id='word_1_77' title='bbox 228 667 368 724; x_wconf 72' lang='lat' dir='ltr'>autem</span> <span class='ocrx_word' id='word_1_78' title='bbox 387 676 559 722; x_wconf 68' lang='lat' dir='ltr'>Isocrati</span> <span class='ocrx_word' id='word_1_79' title='bbox 575 675 842 721; x_wconf 69' lang='lat' dir='ltr'>&#39;abalienatus</span> <span class='ocrx_word' id='word_1_80' title='bbox 871 685 924 708; x_wconf 87' lang='lat'>—&#39;</span> <span class='ocrx_word' id='word_1_81' title='bbox 954 681 1002 719; x_wconf 88' lang='lat' dir='ltr'>ut</span> <span class='ocrx_word' id='word_1_82' title='bbox 1021 678 1183 730; x_wconf 86' lang='lat' dir='ltr'>plurimi</span> <span class='ocrx_word' id='word_1_83' title='bbox 1208 679 1451 720; x_wconf 80' lang='lat' dir='ltr'>Academici</span> <span class='ocrx_word' id='word_1_84' title='bbox 1478 677 1533 721; x_wconf 80' lang='lat' dir='ltr'>cf,</span> <span class='ocrx_word' id='word_1_85' title='bbox 1555 678 1754 738; x_wconf 77' lang='lat' dir='ltr'>Spengel.</span> 
     </span>
     <span class='ocr_line' id='line_1_11' title="bbox 101 744 1754 801; baseline -0.004 -8"><span class='ocrx_word' id='word_1_86' title='bbox 101 750 225 794; x_wconf 76' lang='lat' dir='ltr'>Plato</span> <span class='ocrx_word' id='word_1_87' title='bbox 256 751 461 794; x_wconf 75' lang='lat' dir='ltr'>u.·³1socr.·</span> <span class='ocrx_word' id='word_1_88' title='bbox 480 752 531 790; x_wconf 76' lang='lat' dir='ltr'>²et</span> <span class='ocrx_word' id='word_1_89' title='bbox 560 747 667 801; x_wconf 78' lang='lat' dir='ltr'>quae</span> <span class='ocrx_word' id='word_1_90' title='bbox 695 750 738 789; x_wconf 92' lang='lat' dir='ltr'>in</span> <span class='ocrx_word' id='word_1_91' title='bbox 769 760 861 799; x_wconf 74' lang='lat' dir='ltr'>cap.</span> <span class='ocrx_word' id='word_1_92' title='bbox 892 744 1064 791; x_wconf 85' lang='lat' dir='ltr'>extrem.</span> <span class='ocrx_word' id='word_1_93' title='bbox 1100 748 1287 788; x_wconf 84' lang='lat' dir='ltr'>dicemus</span> <span class='ocrx_word' id='word_1_94' title='bbox 1318 771 1371 778; x_wconf 93' lang='grc'><strong>-</strong></span> <span class='ocrx_word' id='word_1_95' title='bbox 1408 748 1594 788; x_wconf 79' lang='lat' dir='ltr'>Platonis</span> <span class='ocrx_word' id='word_1_96' title='bbox 1630 749 1754 798; x_wconf 82' lang='lat' dir='ltr'>prae·</span> 
     </span>
     <span class='ocr_line' id='line_1_12' title="bbox 103 806 1755 874; baseline -0.005 -10"><span class='ocrx_word' id='word_1_97' title='bbox 103 819 236 874; x_wconf 74' lang='lat' dir='ltr'>ceptis</span> <span class='ocrx_word' id='word_1_98' title='bbox 264 818 479 874; x_wconf 75' lang='lat' dir='ltr'>insistebat</span> <span class='ocrx_word' id='word_1_99' title='bbox 506 815 608 873; x_wconf 69' lang='grc' dir='ltr'>(καὶ</span> <span class='ocrx_word' id='word_1_100' title='bbox 636 806 817 872; x_wconf 69' lang='grc' dir='ltr'><strong><em>ἔμμεινὲ</em></strong></span> <span class='ocrx_word' id='word_1_101' title='bbox 844 814 942 871; x_wconf 73' lang='grc' dir='ltr'>μὲν</span> <span class='ocrx_word' id='word_1_102' title='bbox 958 813 1038 858; x_wconf 71' lang='grc' dir='ltr'>ἐπὶ</span> <span class='ocrx_word' id='word_1_103' title='bbox 1063 813 1153 859; x_wconf 75' lang='grc' dir='ltr'>τῶν</span> <span class='ocrx_word' id='word_1_104' title='bbox 1177 811 1327 859; x_wconf 70' lang='grc' dir='ltr'><strong><em>αὐτῶν</em></strong></span> <span class='ocrx_word' id='word_1_105' title='bbox 1347 811 1563 871; x_wconf 26' lang='grc' dir='ltr'><strong><em>Πλάτωνι,</em></strong></span> <span class='ocrx_word' id='word_1_106' title='bbox 1589 806 1755 868; x_wconf 75' lang='grc' dir='ltr'><strong><em>δογμά-</em></strong></span> 
     </span>
     <span class='ocr_line' id='line_1_13' title="bbox 100 880 1756 946; baseline -0.004 -16"><span class='ocrx_word' id='word_1_107' title='bbox 100 900 192 946; x_wconf 69' lang='grc' dir='ltr'><strong><em>των</em></strong></span> <span class='ocrx_word' id='word_1_108' title='bbox 220 899 257 931; x_wconf 87' lang='lat' dir='ltr'>c.</span> <span class='ocrx_word' id='word_1_109' title='bbox 290 887 352 939; x_wconf 83' lang='grc'>1).</span> <span class='ocrx_word' id='word_1_110' title='bbox 416 887 640 943; x_wconf 66' lang='lat' dir='ltr'>Isocraten</span> <span class='ocrx_word' id='word_1_111' title='bbox 664 890 802 927; x_wconf 82' lang='lat' dir='ltr'>autem</span> <span class='ocrx_word' id='word_1_112' title='bbox 841 887 1027 927; x_wconf 82' lang='lat' dir='ltr'>doctrina</span> <span class='ocrx_word' id='word_1_113' title='bbox 1064 888 1339 939; x_wconf 74' lang='lat' dir='ltr'>Speusippum</span> <span class='ocrx_word' id='word_1_114' title='bbox 1378 880 1514 927; x_wconf 75' lang='lat' dir='ltr'>usum¹</span> <span class='ocrx_word' id='word_1_115' title='bbox 1539 899 1632 927; x_wconf 89' lang='lat' dir='ltr'>esse</span> <span class='ocrx_word' id='word_1_116' title='bbox 1673 886 1756 925; x_wconf 82' lang='lat' dir='ltr'>iam</span> 
     </span>
     <span class='ocr_line' id='line_1_14' title="bbox 101 948 1759 1008; baseline -0.002 -10"><span class='ocrx_word' id='word_1_117' title='bbox 101 953 198 998; x_wconf 77' lang='lat' dir='ltr'>inde</span> <span class='ocrx_word' id='word_1_118' title='bbox 229 948 451 1008; x_wconf 80' lang='lat' dir='ltr'>colligitur,</span> <span class='ocrx_word' id='word_1_119' title='bbox 489 957 595 1007; x_wconf 81' lang='lat' dir='ltr'>quod</span> <span class='ocrx_word' id='word_1_120' title='bbox 634 956 747 996; x_wconf 89' lang='lat' dir='ltr'>illius</span> <span class='ocrx_word' id='word_1_121' title='bbox 784 958 1006 1007; x_wconf 82' lang='lat' dir='ltr'>praecepta</span> <span class='ocrx_word' id='word_1_122' title='bbox 1036 955 1305 1005; x_wconf 85' lang='lat' dir='ltr'>clandestina,</span> <span class='ocrx_word' id='word_1_123' title='bbox 1343 967 1448 1006; x_wconf 83' lang='lat' dir='ltr'>quae</span> <span class='ocrx_word' id='word_1_124' title='bbox 1485 958 1533 995; x_wconf 87' lang='lat' dir='ltr'>ut</span> <span class='ocrx_word' id='word_1_125' title='bbox 1561 954 1759 1004; x_wconf 80' lang='lat' dir='ltr'>mysteria</span> 
     </span>
     <span class='ocr_line' id='line_1_15' title="bbox 104 1013 1757 1082; baseline -0.003 -15"><span class='ocrx_word' id='word_1_126' title='bbox 104 1027 269 1068; x_wconf 87' lang='lat' dir='ltr'>occulte</span> <span class='ocrx_word' id='word_1_127' title='bbox 297 1013 567 1079; x_wconf 72' lang='lat' dir='ltr'>tenebantur,¹</span> <span class='ocrx_word' id='word_1_128' title='bbox 584 1018 654 1068; x_wconf 84' lang='lat' dir='ltr'>vel</span> <span class='ocrx_word' id='word_1_129' title='bbox 681 1021 743 1067; x_wconf 82' lang='grc' dir='ltr'>τά</span> <span class='ocrx_word' id='word_1_130' title='bbox 769 1016 903 1082; x_wconf 66' lang='grc' dir='ltr'><strong><em>παρά</em></strong></span> <span class='ocrx_word' id='word_1_131' title='bbox 926 1017 1214 1082; x_wconf 83' lang='grc' dir='ltr'><strong><em>Ἰσοκράτους</em></strong></span> <span class='ocrx_word' id='word_1_132' title='bbox 1229 1019 1489 1078; x_wconf 78' lang='grc' dir='ltr'><strong><em>καλούμενα</em></strong></span> <span class='ocrx_word' id='word_1_133' title='bbox 1517 1016 1757 1082; x_wconf 61' lang='grc' dir='ltr'><strong><em>’ἀπόρρητα</em></strong></span> 
     </span>
     <span class='ocr_line' id='line_1_16' title="bbox 103 1089 796 1149; baseline 0.001 -13"><span class='ocrx_word' id='word_1_134' title='bbox 103 1089 162 1149; x_wconf 66' lang='lat' dir='ltr'>(L</span> <span class='ocrx_word' id='word_1_135' title='bbox 187 1096 224 1138; x_wconf 81' lang='lat' dir='ltr'>c&#39;.</span> <span class='ocrx_word' id='word_1_136' title='bbox 254 1096 308 1146; x_wconf 78' lang='lat'>2)</span> <span class='ocrx_word' id='word_1_137' title='bbox 337 1096 622 1146; x_wconf 77' lang='lat' dir='ltr'>promulgasse</span> <span class='ocrx_word' id='word_1_138' title='bbox 650 1096 796 1139; x_wconf 81' lang='lat' dir='ltr'>fertur.</span> 
     </span>
    </p>

    <p class='ocr_par' dir='ltr' id='par_1_5' title="bbox 97 1158 1757 1629">
     <span class='ocr_line' id='line_1_17' title="bbox 239 1158 1757 1214; baseline -0.001 -10"><span class='ocrx_word' id='word_1_139' title='bbox 239 1166 355 1208; x_wconf 83' lang='lat' dir='ltr'>xlx.</span> <span class='ocrx_word' id='word_1_140' title='bbox 412 1160 615 1206; x_wconf 73' lang='lat' dir='ltr'>Naucrates</span> <span class='ocrx_word' id='word_1_141' title='bbox 655 1159 726 1205; x_wconf 67' lang='lat' dir='ltr'>vel</span> <span class='ocrx_word' id='word_1_142' title='bbox 762 1164 1052 1213; x_wconf 65' lang='lat' dir='ltr'>Nausia-ates,</span> <span class='ocrx_word' id='word_1_143' title='bbox 1089 1158 1360 1214; x_wconf 71' lang='lat' dir='ltr'>Erythraeos,</span> <span class='ocrx_word' id='word_1_144' title='bbox 1400 1164 1553 1214; x_wconf 78' lang='lat' dir='ltr'>rhetor,</span> <span class='ocrx_word' id='word_1_145' title='bbox 1590 1163 1757 1203; x_wconf 86' lang='lat' dir='ltr'>Isocra-</span> 
     </span>
     <span class='ocr_line' id='line_1_18' title="bbox 99 1231 1755 1283; baseline -0.001 -11"><span class='ocrx_word' id='word_1_146' title='bbox 99 1234 203 1283; x_wconf 52' lang='lat' dir='ltr'>*teus</span> <span class='ocrx_word' id='word_1_147' title='bbox 222 1233 432 1283; x_wconf 81' lang='lat' dir='ltr'>reperitur</span> <span class='ocrx_word' id='word_1_148' title='bbox 459 1243 525 1283; x_wconf 89' lang='lat' dir='ltr'>ap.</span> <span class='ocrx_word' id='word_1_149' title='bbox 557 1233 646 1277; x_wconf 79' lang='lat' dir='ltr'>Cic.</span> <span class='ocrx_word' id='word_1_150' title='bbox 677 1233 730 1274; x_wconf 86' lang='lat' dir='ltr'>de</span> <span class='ocrx_word' id='word_1_151' title='bbox 759 1245 819 1275; x_wconf 87' lang='lat' dir='ltr'>or.</span> <span class='ocrx_word' id='word_1_152' title='bbox 848 1234 902 1283; x_wconf 85' lang='grc' dir='ltr'>Π,</span> <span class='ocrx_word' id='word_1_153' title='bbox 940 1234 1010 1275; x_wconf 81' lang='grc'>23.</span> <span class='ocrx_word' id='word_1_154' title='bbox 1049 1234 1121 1281; x_wconf 87' lang='grc'><strong>111,</strong></span> <span class='ocrx_word' id='word_1_155' title='bbox 1158 1233 1229 1276; x_wconf 77' lang='grc'>44.</span> <span class='ocrx_word' id='word_1_156' title='bbox 1267 1232 1325 1275; x_wconf 80' lang='lat' dir='ltr'>cf.</span> <span class='ocrx_word' id='word_1_157' title='bbox 1362 1234 1464 1274; x_wconf 84' lang='lat' dir='ltr'>orat.</span> <span class='ocrx_word' id='word_1_158' title='bbox 1503 1232 1573 1275; x_wconf 78' lang='grc'>51.</span> <span class='ocrx_word' id='word_1_159' title='bbox 1614 1231 1755 1280; x_wconf 72' lang='lat' dir='ltr'>Quint.</span> 
     </span>
     <span class='ocr_line' id='line_1_19' title="bbox 97 1294 1755 1352; baseline -0.001 -11"><span class='ocrx_word' id='word_1_160' title='bbox 97 1294 256 1352; x_wconf 62' lang='lat' dir='ltr'>&#39;111,‘&#39;·‘B‚</span> <span class='ocrx_word' id='word_1_161' title='bbox 286 1302 328 1344; x_wconf 77' lang='lat'>3.</span> <span class='ocrx_word' id='word_1_162' title='bbox 395 1300 491 1340; x_wconf 86' lang='lat' dir='ltr'>Vim</span> <span class='ocrx_word' id='word_1_163' title='bbox 530 1300 622 1341; x_wconf 86' lang='lat' dir='ltr'>eius</span> <span class='ocrx_word' id='word_1_164' title='bbox 651 1301 870 1341; x_wconf 85' lang='lat' dir='ltr'>oratoriam</span> <span class='ocrx_word' id='word_1_165' title='bbox 900 1301 953 1340; x_wconf 85' lang='lat' dir='ltr'>ad</span> <span class='ocrx_word' id='word_1_166' title='bbox 983 1300 1179 1341; x_wconf 78' lang='lat' dir='ltr'>funebres</span> <span class='ocrx_word' id='word_1_167' title='bbox 1218 1301 1480 1341; x_wconf 70' lang='lat' dir='ltr'>laudationes</span> <span class='ocrx_word' id='word_1_168' title='bbox 1510 1311 1755 1341; x_wconf 87' lang='lat' dir='ltr'>conversam</span> 
     </span>
     <span class='ocr_line' id='line_1_20' title="bbox 105 1362 1757 1423; baseline 0 -14"><span class='ocrx_word' id='word_1_169' title='bbox 105 1368 330 1418; x_wconf 75' lang='lat' dir='ltr'>Dionysius</span> <span class='ocrx_word' id='word_1_170' title='bbox 368 1367 409 1408; x_wconf 88' lang='lat' dir='ltr'>in</span> <span class='ocrx_word' id='word_1_171' title='bbox 444 1371 535 1408; x_wconf 82' lang='lat' dir='ltr'>arte</span> <span class='ocrx_word' id='word_1_172' title='bbox 574 1369 681 1412; x_wconf 87' lang='lat' dir='ltr'>rhet.</span> <span class='ocrx_word' id='word_1_173' title='bbox 715 1370 790 1418; x_wconf 84' lang='lat' dir='ltr'>VI,</span> <span class='ocrx_word' id='word_1_174' title='bbox 833 1368 853 1409; x_wconf 91' lang='lat'>1</span> <span class='ocrx_word' id='word_1_175' title='bbox 895 1370 1086 1415; x_wconf 84' lang='lat' dir='ltr'>testatur,</span> <span class='ocrx_word' id='word_1_176' title='bbox 1125 1371 1193 1409; x_wconf 84' lang='lat' dir='ltr'>ubi</span> <span class='ocrx_word' id='word_1_177' title='bbox 1223 1362 1249 1409; x_wconf 78' lang='grc' dir='ltr'>ὅ</span> <span class='ocrx_word' id='word_1_178' title='bbox 1281 1367 1365 1409; x_wconf 81' lang='grc' dir='ltr'>τοῦ</span> <span class='ocrx_word' id='word_1_179' title='bbox 1397 1363 1662 1423; x_wconf 78' lang='grc' dir='ltr'><strong><em>Σωκράτους</em></strong></span> <span class='ocrx_word' id='word_1_180' title='bbox 1701 1381 1757 1409; x_wconf 87' lang='lat' dir='ltr'>ex</span> 
     </span>
     <span class='ocr_line' id='line_1_21' title="bbox 102 1430 1755 1495; baseline -0.001 -15"><span class='ocrx_word' id='word_1_181' title='bbox 102 1438 300 1489; x_wconf 71' lang='lat' dir='ltr'>Sylhnrgi</span> <span class='ocrx_word' id='word_1_182' title='bbox 330 1437 569 1479; x_wconf 82' lang='lat' dir='ltr'>coniectura</span> <span class='ocrx_word' id='word_1_183' title='bbox 604 1438 647 1479; x_wconf 89' lang='lat' dir='ltr'>in</span> <span class='ocrx_word' id='word_1_184' title='bbox 685 1431 714 1479; x_wconf 85' lang='lat' dir='ltr'>o‘</span> <span class='ocrx_word' id='word_1_185' title='bbox 739 1434 821 1479; x_wconf 81' lang='grc' dir='ltr'>τοῦ</span> <span class='ocrx_word' id='word_1_186' title='bbox 845 1430 1120 1495; x_wconf 75' lang='grc' dir='ltr'><strong><em>Ἰσοκράτους</em></strong></span> <span class='ocrx_word' id='word_1_187' title='bbox 1147 1432 1320 1494; x_wconf 71' lang='grc' dir='ltr'><strong><em>ἑταῖρος</em></strong></span> <span class='ocrx_word' id='word_1_188' title='bbox 1349 1432 1614 1495; x_wconf 78' lang='grc' dir='ltr'><strong><em>Ναυκράτης</em></strong></span> <span class='ocrx_word' id='word_1_189' title='bbox 1641 1449 1755 1479; x_wconf 84' lang='lat' dir='ltr'>com-</span> 
     </span>
     <span class='ocr_line' id='line_1_22' title="bbox 99 1507 1755 1558; baseline 0 -11"><span class='ocrx_word' id='word_1_190' title='bbox 99 1508 302 1548; x_wconf 77' lang='lat' dir='ltr'>mutatum</span> <span class='ocrx_word' id='word_1_191' title='bbox 333 1510 410 1550; x_wconf 84' lang='lat' dir='ltr'>est.</span> <span class='ocrx_word' id='word_1_192' title='bbox 469 1509 575 1548; x_wconf 78' lang='lat' dir='ltr'>Eum</span> <span class='ocrx_word' id='word_1_193' title='bbox 614 1508 722 1548; x_wconf 89' lang='lat' dir='ltr'>enim</span> <span class='ocrx_word' id='word_1_194' title='bbox 759 1509 841 1548; x_wconf 84' lang='lat' dir='ltr'>alio</span> <span class='ocrx_word' id='word_1_195' title='bbox 879 1509 971 1549; x_wconf 91' lang='lat' dir='ltr'>loco</span> <span class='ocrx_word' id='word_1_196' title='bbox 1002 1520 1041 1558; x_wconf 88' lang='lat' dir='ltr'>p.</span> <span class='ocrx_word' id='word_1_197' title='bbox 1072 1510 1155 1549; x_wconf 73' lang='lat'>⁶2⁶</span> <span class='ocrx_word' id='word_1_198' title='bbox 1185 1509 1291 1549; x_wconf 86' lang='lat' dir='ltr'>inter</span> <span class='ocrx_word' id='word_1_199' title='bbox 1327 1509 1560 1548; x_wconf 73' lang='lat' dir='ltr'>sectatores</span> <span class='ocrx_word' id='word_1_200' title='bbox 1592 1510 1634 1549; x_wconf 88' lang='lat' dir='ltr'>et</span> <span class='ocrx_word' id='word_1_201' title='bbox 1661 1507 1755 1548; x_wconf 85' lang='lat' dir='ltr'>imi-</span> 
     </span>
     <span class='ocr_line' id='line_1_23' title="bbox 104 1576 1752 1629; baseline 0.002 -14"><span class='ocrx_word' id='word_1_202' title='bbox 104 1577 264 1617; x_wconf 85' lang='lat' dir='ltr'>tatores</span> <span class='ocrx_word' id='word_1_203' title='bbox 303 1576 499 1617; x_wconf 81' lang='lat' dir='ltr'>Isocratis</span> <span class='ocrx_word' id='word_1_204' title='bbox 539 1577 884 1621; x_wconf 85' lang='lat' dir='ltr'>commemoravit.</span> <span class='ocrx_word' id='word_1_205' title='bbox 951 1577 1198 1618; x_wconf 82' lang='lat' dir='ltr'>Testimonio</span> <span class='ocrx_word' id='word_1_206' title='bbox 1236 1577 1387 1618; x_wconf 84' lang='lat' dir='ltr'>deinde</span> <span class='ocrx_word' id='word_1_207' title='bbox 1423 1577 1605 1628; x_wconf 83' lang='lat' dir='ltr'>accedit,</span> <span class='ocrx_word' id='word_1_208' title='bbox 1645 1577 1752 1629; x_wconf 81' lang='lat' dir='ltr'>quod</span> 
     </span>
    </p>
   </div>
   <div class='ocr_carea' id='block_1_4' title="bbox 110 1676 380 1689">
    <p class='ocr_par' dir='ltr' id='par_1_6' title="bbox 110 1676 380 1689">
     <span class='ocr_line' id='line_1_24' title="bbox 110 1676 380 1689; baseline 0 1326"><span class='ocrx_word' id='word_1_209' title='bbox 110 1676 380 1689; x_wconf 95' lang='lat' dir='ltr'> </span> 
     </span>
    </p>
   </div>
   <div class='ocr_carea' id='block_1_5' title="bbox 101 1736 1756 2820">
    <p class='ocr_par' dir='ltr' id='par_1_7' title="bbox 101 1736 1756 2820">
     <span class='ocr_line' id='line_1_25' title="bbox 242 1736 1754 1794; baseline 0.001 -23"><span class='ocrx_word' id='word_1_210' title='bbox 242 1736 305 1781; x_wconf 76' lang='lat'>¹⁸)</span> <span class='ocrx_word' id='word_1_211' title='bbox 328 1738 427 1772; x_wconf 82' lang='lat' dir='ltr'>Inter</span> <span class='ocrx_word' id='word_1_212' title='bbox 458 1738 609 1774; x_wconf 80' lang='lat' dir='ltr'>Philisci</span> <span class='ocrx_word' id='word_1_213' title='bbox 633 1739 833 1783; x_wconf 86' lang='lat' dir='ltr'>discipulos</span> <span class='ocrx_word' id='word_1_214' title='bbox 864 1739 934 1773; x_wconf 89' lang='lat' dir='ltr'>duo</span> <span class='ocrx_word' id='word_1_215' title='bbox 971 1738 1044 1775; x_wconf 87' lang='lat' dir='ltr'>soli</span> <span class='ocrx_word' id='word_1_216' title='bbox 1073 1738 1259 1774; x_wconf 86' lang='lat' dir='ltr'>Neanthes</span> <span class='ocrx_word' id='word_1_217' title='bbox 1283 1739 1488 1794; x_wconf 57' lang='lat' dir='ltr'>eggicenus</span> <span class='ocrx_word' id='word_1_218' title='bbox 1520 1740 1557 1773; x_wconf 90' lang='lat' dir='ltr'>et</span> <span class='ocrx_word' id='word_1_219' title='bbox 1580 1739 1754 1779; x_wconf 67' lang='lat' dir='ltr'>Timaeus</span> 
     </span>
     <span class='ocr_line' id='line_1_26' title="bbox 106 1794 1755 1842; baseline 0.001 -14"><span class='ocrx_word' id='word_1_220' title='bbox 106 1794 309 1830; x_wconf 82' lang='lat' dir='ltr'>historicus</span> <span class='ocrx_word' id='word_1_221' title='bbox 349 1795 607 1829; x_wconf 74' lang='lat' dir='ltr'>Tauromenita</span> <span class='ocrx_word' id='word_1_222' title='bbox 647 1796 781 1831; x_wconf 84' lang='lat' dir='ltr'>Suidae</span> <span class='ocrx_word' id='word_1_223' title='bbox 812 1798 1053 1832; x_wconf 87' lang='lat' dir='ltr'>innotuerunt.</span> <span class='ocrx_word' id='word_1_224' title='bbox 1106 1796 1173 1832; x_wconf 89' lang='lat' dir='ltr'>Ille</span> <span class='ocrx_word' id='word_1_225' title='bbox 1211 1798 1354 1842; x_wconf 87' lang='lat' dir='ltr'>quidem</span> <span class='ocrx_word' id='word_1_226' title='bbox 1384 1797 1626 1831; x_wconf 85' lang='lat' dir='ltr'>Neanthes</span> <span class='ocrx_word' id='word_1_227' title='bbox 1657 1799 1755 1832; x_wconf 81' lang='lat' dir='ltr'>teste</span> 
     </span>
     <span class='ocr_line' id='line_1_27' title="bbox 101 1844 1755 1902; baseline 0 -16"><span class='ocrx_word' id='word_1_228' title='bbox 101 1844 334 1900; x_wconf 65' lang='lat' dir='ltr'>&#39;suida-179.</span> <span class='ocrx_word' id='word_1_229' title='bbox 364 1847 450 1901; x_wconf 72' lang='grc' dir='ltr'>περὶ</span> <span class='ocrx_word' id='word_1_230' title='bbox 480 1850 695 1894; x_wconf 76' lang='grc' dir='ltr'><strong><em>κακοζηλίας</em></strong></span> <span class='ocrx_word' id='word_1_231' title='bbox 717 1849 908 1901; x_wconf 70' lang='grc' dir='ltr'><strong><em>ῥητορικῆς</em></strong></span> <span class='ocrx_word' id='word_1_232' title='bbox 935 1850 997 1887; x_wconf 69' lang='grc' dir='ltr'>καὶ</span> <span class='ocrx_word' id='word_1_233' title='bbox 1027 1852 1160 1901; x_wconf 77' lang='grc' dir='ltr'><strong><em>λόγους</em></strong></span> <span class='ocrx_word' id='word_1_234' title='bbox 1190 1851 1349 1892; x_wconf 69' lang='grc' dir='ltr'><strong><em>πολλοῦς</em></strong></span> <span class='ocrx_word' id='word_1_235' title='bbox 1376 1851 1651 1902; x_wconf 71' lang='grc' dir='ltr'><strong><em>πανηγυρικούς</em></strong></span> <span class='ocrx_word' id='word_1_236' title='bbox 1682 1851 1755 1894; x_wconf 87' lang='lat' dir='ltr'>(sic</span> 
     </span>
     <span class='ocr_line' id='line_1_28' title="bbox 103 1904 1755 1958; baseline 0.001 -15"><span class='ocrx_word' id='word_1_237' title='bbox 103 1910 201 1943; x_wconf 81' lang='lat' dir='ltr'>enim</span> <span class='ocrx_word' id='word_1_238' title='bbox 226 1910 392 1944; x_wconf 78' lang='lat' dir='ltr'>Endocia</span> <span class='ocrx_word' id='word_1_239' title='bbox 414 1904 579 1944; x_wconf 89' lang='lat' dir='ltr'>mancam</span> <span class='ocrx_word' id='word_1_240' title='bbox 605 1909 739 1945; x_wconf 84' lang='lat' dir='ltr'>Suidae</span> <span class='ocrx_word' id='word_1_241' title='bbox 755 1912 920 1956; x_wconf 82' lang='lat' dir='ltr'>glossam</span> <span class='ocrx_word' id='word_1_242' title='bbox 945 1914 1013 1946; x_wconf 88' lang='lat' dir='ltr'>sub</span> <span class='ocrx_word' id='word_1_243' title='bbox 1037 1913 1146 1946; x_wconf 84' lang='lat' dir='ltr'>finem</span> <span class='ocrx_word' id='word_1_244' title='bbox 1170 1924 1205 1957; x_wconf 91' lang='lat' dir='ltr'>p.</span> <span class='ocrx_word' id='word_1_245' title='bbox 1229 1912 1298 1947; x_wconf 72' lang='lat'>³⁰⁹</span> <span class='ocrx_word' id='word_1_246' title='bbox 1313 1912 1549 1958; x_wconf 77' lang='lat' dir='ltr'>integriorem</span> <span class='ocrx_word' id='word_1_247' title='bbox 1566 1911 1755 1953; x_wconf 82' lang='lat' dir='ltr'>reddidit).</span> 
     </span>
     <span class='ocr_line' id='line_1_29' title="bbox 109 1966 1753 2012; baseline 0.001 -13"><span class='ocrx_word' id='word_1_248' title='bbox 109 1967 148 1999; x_wconf 83' lang='lat' dir='ltr'>et</span> <span class='ocrx_word' id='word_1_249' title='bbox 178 1966 336 2002; x_wconf 82' lang='lat' dir='ltr'>rhetoris</span> <span class='ocrx_word' id='word_1_250' title='bbox 371 1968 467 2002; x_wconf 88' lang='lat' dir='ltr'>haud</span> <span class='ocrx_word' id='word_1_251' title='bbox 500 1969 695 2010; x_wconf 86' lang='lat' dir='ltr'>spernendi</span> <span class='ocrx_word' id='word_1_252' title='bbox 728 1968 1077 2004; x_wconf 73' lang='lat' dir='ltr'>commendationem</span> <span class='ocrx_word' id='word_1_253' title='bbox 1116 1971 1210 2004; x_wconf 89' lang='lat' dir='ltr'>tituli</span> <span class='ocrx_word' id='word_1_254' title='bbox 1240 1970 1417 2003; x_wconf 85' lang='lat' dir='ltr'>librorum</span> <span class='ocrx_word' id='word_1_255' title='bbox 1448 1968 1648 2012; x_wconf 73' lang='lat' dir='ltr'>proferunt.</span> <span class='ocrx_word' id='word_1_256' title='bbox 1693 1967 1753 2001; x_wconf 91' lang='lat' dir='ltr'>Ti·</span> 
     </span>
     <span class='ocr_line' id='line_1_30' title="bbox 103 2024 1754 2073; baseline 0.001 -16"><span class='ocrx_word' id='word_1_257' title='bbox 103 2033 234 2059; x_wconf 87' lang='lat' dir='ltr'>maeus</span> <span class='ocrx_word' id='word_1_258' title='bbox 258 2026 378 2073; x_wconf 81' lang='lat' dir='ltr'>autem</span> <span class='ocrx_word' id='word_1_259' title='bbox 403 2035 437 2059; x_wconf 86' lang='lat' dir='ltr'>a.</span> <span class='ocrx_word' id='word_1_260' title='bbox 460 2026 529 2060; x_wconf 76' lang='lat'>310</span> <span class='ocrx_word' id='word_1_261' title='bbox 555 2024 616 2068; x_wconf 81' lang='lat' dir='ltr'>(cf.</span> <span class='ocrx_word' id='word_1_262' title='bbox 641 2026 806 2060; x_wconf 79' lang='lat' dir='ltr'>Muelleri</span> <span class='ocrx_word' id='word_1_263' title='bbox 829 2026 901 2071; x_wconf 81' lang='lat' dir='ltr'>frg.</span> <span class='ocrx_word' id='word_1_264' title='bbox 926 2028 1011 2060; x_wconf 86' lang='lat' dir='ltr'>hist.</span> <span class='ocrx_word' id='word_1_265' title='bbox 1036 2027 1095 2062; x_wconf 83' lang='lat' dir='ltr'>Gr.</span> <span class='ocrx_word' id='word_1_266' title='bbox 1117 2026 1137 2061; x_wconf 95' lang='lat'>1</span> <span class='ocrx_word' id='word_1_267' title='bbox 1159 2028 1245 2063; x_wconf 88' lang='lat' dir='ltr'>inde</span> <span class='ocrx_word' id='word_1_268' title='bbox 1266 2037 1302 2062; x_wconf 82' lang='lat' dir='ltr'>a.</span> <span class='ocrx_word' id='word_1_269' title='bbox 1321 2037 1360 2070; x_wconf 76' lang='grc' dir='ltr'>Ρ.</span> <span class='ocrx_word' id='word_1_270' title='bbox 1384 2024 1448 2069; x_wconf 77' lang='lat'>6⁹)</span> <span class='ocrx_word' id='word_1_271' title='bbox 1473 2027 1521 2059; x_wconf 84' lang='lat' dir='ltr'>ab</span> <span class='ocrx_word' id='word_1_272' title='bbox 1546 2025 1754 2070; x_wconf 78' lang='lat' dir='ltr'>Agathocle</span> 
     </span>
     <span class='ocr_line' id='line_1_31' title="bbox 102 2082 1754 2127; baseline 0.001 -13"><span class='ocrx_word' id='word_1_273' title='bbox 102 2082 263 2124; x_wconf 83' lang='lat' dir='ltr'>tyranno</span> <span class='ocrx_word' id='word_1_274' title='bbox 285 2084 403 2125; x_wconf 84' lang='lat' dir='ltr'>patria</span> <span class='ocrx_word' id='word_1_275' title='bbox 427 2084 579 2121; x_wconf 81' lang='lat' dir='ltr'>eiectus.</span> <span class='ocrx_word' id='word_1_276' title='bbox 605 2083 841 2127; x_wconf 80' lang='lat' dir='ltr'>Athenasque</span> <span class='ocrx_word' id='word_1_277' title='bbox 864 2084 1062 2125; x_wconf 78' lang='lat' dir='ltr'>profectus,</span> <span class='ocrx_word' id='word_1_278' title='bbox 1094 2086 1270 2117; x_wconf 86' lang='lat' dir='ltr'>mortuum</span> <span class='ocrx_word' id='word_1_279' title='bbox 1297 2084 1495 2118; x_wconf 81' lang='lat' dir='ltr'>Philiscum</span> <span class='ocrx_word' id='word_1_280' title='bbox 1519 2099 1566 2108; x_wconf 97' lang='lat'>—</span> <span class='ocrx_word' id='word_1_281' title='bbox 1596 2083 1633 2117; x_wconf 81' lang='lat' dir='ltr'>sl</span> <span class='ocrx_word' id='word_1_282' title='bbox 1656 2092 1754 2116; x_wconf 88' lang='lat' dir='ltr'>com·</span> 
     </span>
     <span class='ocr_line' id='line_1_32' title="bbox 101 2137 1755 2185; baseline 0.002 -14"><span class='ocrx_word' id='word_1_283' title='bbox 101 2137 242 2182; x_wconf 83' lang='lat' dir='ltr'>putatio</span> <span class='ocrx_word' id='word_1_284' title='bbox 260 2139 390 2174; x_wconf 87' lang='lat' dir='ltr'>nostra</span> <span class='ocrx_word' id='word_1_285' title='bbox 409 2139 508 2175; x_wconf 87' lang='lat' dir='ltr'>recte</span> <span class='ocrx_word' id='word_1_286' title='bbox 534 2150 578 2175; x_wconf 91' lang='lat' dir='ltr'>se</span> <span class='ocrx_word' id='word_1_287' title='bbox 606 2141 718 2174; x_wconf 84' lang='lat' dir='ltr'>habet</span> <span class='ocrx_word' id='word_1_288' title='bbox 738 2157 784 2164; x_wconf 96' lang='lat'>—</span> <span class='ocrx_word' id='word_1_289' title='bbox 804 2142 1076 2185; x_wconf 79' lang='lat' dir='ltr'>praeceptorem</span> <span class='ocrx_word' id='word_1_290' title='bbox 1102 2142 1305 2178; x_wconf 76' lang='lat' dir='ltr'>habuisset.</span> <span class='ocrx_word' id='word_1_291' title='bbox 1339 2140 1444 2175; x_wconf 81' lang='lat' dir='ltr'>Alius</span> <span class='ocrx_word' id='word_1_292' title='bbox 1463 2140 1523 2174; x_wconf 89' lang='lat' dir='ltr'>hic</span> <span class='ocrx_word' id='word_1_293' title='bbox 1540 2138 1755 2175; x_wconf 77' lang='lat' dir='ltr'>Timaeus</span> 
     </span>
     <span class='ocr_line' id='line_1_33' title="bbox 104 2195 1755 2246; baseline 0.003 -18"><span class='ocrx_word' id='word_1_294' title='bbox 104 2196 142 2246; x_wconf 77' lang='lat' dir='ltr'>et</span> <span class='ocrx_word' id='word_1_295' title='bbox 171 2195 255 2238; x_wconf 84' lang='lat' dir='ltr'>ipse</span> <span class='ocrx_word' id='word_1_296' title='bbox 279 2198 545 2241; x_wconf 79' lang='lat' dir='ltr'>Cyzicenus</span> <span class='ocrx_word' id='word_1_297' title='bbox 575 2198 727 2234; x_wconf 78' lang='lat' dir='ltr'>Philisci</span> <span class='ocrx_word' id='word_1_298' title='bbox 760 2199 905 2233; x_wconf 76' lang='lat' dir='ltr'>auditor</span> <span class='ocrx_word' id='word_1_299' title='bbox 933 2200 1114 2244; x_wconf 79' lang='lat' dir='ltr'>putandus</span> <span class='ocrx_word' id='word_1_300' title='bbox 1147 2201 1219 2240; x_wconf 83' lang='lat' dir='ltr'>est,</span> <span class='ocrx_word' id='word_1_301' title='bbox 1252 2201 1313 2244; x_wconf 89' lang='lat' dir='ltr'>qui</span> <span class='ocrx_word' id='word_1_302' title='bbox 1344 2209 1367 2232; x_wconf 82' lang='lat' dir='ltr'>a</span> <span class='ocrx_word' id='word_1_303' title='bbox 1396 2198 1629 2232; x_wconf 81' lang='lat' dir='ltr'>Demochare</span> <span class='ocrx_word' id='word_1_304' title='bbox 1658 2199 1755 2233; x_wconf 80' lang='lat' dir='ltr'>false</span> 
     </span>
     <span class='ocr_line' id='line_1_34' title="bbox 104 2246 1754 2301; baseline 0.002 -15"><span class='ocrx_word' id='word_1_305' title='bbox 104 2252 183 2296; x_wconf 87' lang='lat' dir='ltr'>(ap.</span> <span class='ocrx_word' id='word_1_306' title='bbox 208 2246 343 2290; x_wconf 71' lang='lat' dir='ltr'>Athen.¹</span> <span class='ocrx_word' id='word_1_307' title='bbox 363 2254 431 2295; x_wconf 78' lang='lat' dir='ltr'>xl,</span> <span class='ocrx_word' id='word_1_308' title='bbox 455 2256 511 2294; x_wconf 81' lang='lat'>15,</span> <span class='ocrx_word' id='word_1_309' title='bbox 532 2266 569 2299; x_wconf 82' lang='lat' dir='ltr'>p.</span> <span class='ocrx_word' id='word_1_310' title='bbox 595 2254 680 2297; x_wconf 68' lang='lat'>1⁰⁹)</span> <span class='ocrx_word' id='word_1_311' title='bbox 710 2257 804 2292; x_wconf 85' lang='lat' dir='ltr'>inter</span> <span class='ocrx_word' id='word_1_312' title='bbox 827 2256 993 2293; x_wconf 78' lang='lat' dir='ltr'>Platonis</span> <span class='ocrx_word' id='word_1_313' title='bbox 1018 2256 1217 2300; x_wconf 83' lang='lat' dir='ltr'>discipulos</span> <span class='ocrx_word' id='word_1_314' title='bbox 1241 2257 1408 2294; x_wconf 85' lang='lat' dir='ltr'>habetur.</span> <span class='ocrx_word' id='word_1_315' title='bbox 1432 2266 1540 2300; x_wconf 89' lang='lat' dir='ltr'>quum</span> <span class='ocrx_word' id='word_1_316' title='bbox 1565 2257 1754 2301; x_wconf 74' lang='lat' dir='ltr'>Diogenes</span> 
     </span>
     <span class='ocr_line' id='line_1_35' title="bbox 102 2310 1755 2359; baseline -0.001 -13"><span class='ocrx_word' id='word_1_317' title='bbox 102 2310 224 2346; x_wconf 74' lang='lat' dir='ltr'>Laert-</span> <span class='ocrx_word' id='word_1_318' title='bbox 247 2310 310 2353; x_wconf 90' lang='lat'>111,</span> <span class='ocrx_word' id='word_1_319' title='bbox 335 2312 486 2351; x_wconf 66' lang='lat' dir='ltr'>4⁶,loco</span> <span class='ocrx_word' id='word_1_320' title='bbox 519 2314 600 2348; x_wconf 83' lang='lat' dir='ltr'>eius</span> <span class='ocrx_word' id='word_1_321' title='bbox 628 2315 831 2349; x_wconf 82' lang='lat' dir='ltr'>Timolaum</span> <span class='ocrx_word' id='word_1_322' title='bbox 861 2316 1039 2359; x_wconf 76' lang='lat' dir='ltr'>quendam</span> <span class='ocrx_word' id='word_1_323' title='bbox 1072 2315 1254 2358; x_wconf 81' lang='lat' dir='ltr'>posuerit3</span> <span class='ocrx_word' id='word_1_324' title='bbox 1288 2315 1348 2347; x_wconf 86' lang='lat' dir='ltr'>hic</span> <span class='ocrx_word' id='word_1_325' title='bbox 1378 2323 1460 2348; x_wconf 88' lang='lat' dir='ltr'>cnm</span> <span class='ocrx_word' id='word_1_326' title='bbox 1491 2315 1554 2348; x_wconf 89' lang='lat' dir='ltr'>illo</span> <span class='ocrx_word' id='word_1_327' title='bbox 1578 2314 1755 2348; x_wconf 88' lang='lat' dir='ltr'>historico</span> 
     </span>
     <span class='ocr_line' id='line_1_36' title="bbox 104 2368 1753 2414; baseline 0.002 -15"><span class='ocrx_word' id='word_1_328' title='bbox 104 2369 151 2400; x_wconf 82' lang='lat' dir='ltr'>oh</span> <span class='ocrx_word' id='word_1_329' title='bbox 181 2368 323 2413; x_wconf 79' lang='lat' dir='ltr'>ingenii</span> <span class='ocrx_word' id='word_1_330' title='bbox 364 2369 401 2403; x_wconf 91' lang='lat' dir='ltr'>et</span> <span class='ocrx_word' id='word_1_331' title='bbox 437 2378 557 2402; x_wconf 88' lang='lat' dir='ltr'>rerum</span> <span class='ocrx_word' id='word_1_332' title='bbox 598 2372 831 2405; x_wconf 83' lang='lat' dir='ltr'>tractatarum</span> <span class='ocrx_word' id='word_1_333' title='bbox 865 2373 1140 2407; x_wconf 87' lang='lat' dir='ltr'>similitudinem</span> <span class='ocrx_word' id='word_1_334' title='bbox 1169 2388 1215 2396; x_wconf 91' lang='lat'>-</span> <span class='ocrx_word' id='word_1_335' title='bbox 1256 2370 1350 2414; x_wconf 84' lang='lat' dir='ltr'>quod</span> <span class='ocrx_word' id='word_1_336' title='bbox 1385 2372 1483 2405; x_wconf 87' lang='lat' dir='ltr'>recte</span> <span class='ocrx_word' id='word_1_337' title='bbox 1514 2372 1608 2405; x_wconf 85' lang='lat' dir='ltr'>vidit</span> <span class='ocrx_word' id='word_1_338' title='bbox 1641 2371 1753 2404; x_wconf 82' lang='lat' dir='ltr'>Muel-</span> 
     </span>
     <span class='ocr_line' id='line_1_37' title="bbox 102 2424 1756 2475; baseline 0.001 -18"><span class='ocrx_word' id='word_1_339' title='bbox 102 2424 201 2459; x_wconf 87' lang='lat' dir='ltr'>lerus</span> <span class='ocrx_word' id='word_1_340' title='bbox 223 2424 249 2459; x_wconf 90' lang='lat'>1.</span> <span class='ocrx_word' id='word_1_341' title='bbox 274 2435 305 2460; x_wconf 86' lang='lat' dir='ltr'>c.</span> <span class='ocrx_word' id='word_1_342' title='bbox 328 2436 366 2470; x_wconf 86' lang='lat' dir='ltr'>p.</span> <span class='ocrx_word' id='word_1_343' title='bbox 387 2426 435 2462; x_wconf 79' lang='lat'>5⁰</span> <span class='ocrx_word' id='word_1_344' title='bbox 457 2442 503 2451; x_wconf 93' lang='lat'>—</span> <span class='ocrx_word' id='word_1_345' title='bbox 526 2428 697 2463; x_wconf 81' lang='lat' dir='ltr'>confundi</span> <span class='ocrx_word' id='word_1_346' title='bbox 719 2429 893 2464; x_wconf 73' lang='lat' dir='ltr'>facillime</span> <span class='ocrx_word' id='word_1_347' title='bbox 916 2430 1044 2473; x_wconf 87' lang='lat' dir='ltr'>potuit.</span> <span class='ocrx_word' id='word_1_348' title='bbox 1078 2427 1136 2462; x_wconf 79' lang='lat' dir='ltr'>Ad</span> <span class='ocrx_word' id='word_1_349' title='bbox 1158 2427 1311 2462; x_wconf 92' lang='lat' dir='ltr'>eundem</span> <span class='ocrx_word' id='word_1_350' title='bbox 1336 2424 1520 2474; x_wconf 70' lang='grc' dir='ltr'><strong><em>συλλογὴν</em></strong></span> <span class='ocrx_word' id='word_1_351' title='bbox 1549 2424 1756 2475; x_wconf 73' lang='grc' dir='ltr'><strong><em>ῥητορικῶν</em></strong></span> 
     </span>
     <span class='ocr_line' id='line_1_38' title="bbox 103 2477 1754 2531; baseline 0.002 -16"><span class='ocrx_word' id='word_1_352' title='bbox 103 2477 307 2531; x_wconf 73' lang='grc' dir='ltr'><strong><em>ἅφορμοϊν,</em></strong></span> <span class='ocrx_word' id='word_1_353' title='bbox 331 2484 457 2518; x_wconf 83' lang='lat' dir='ltr'>contra</span> <span class='ocrx_word' id='word_1_354' title='bbox 480 2484 735 2520; x_wconf 83' lang='lat' dir='ltr'>Ruhnkenium</span> <span class='ocrx_word' id='word_1_355' title='bbox 766 2488 803 2522; x_wconf 90' lang='lat' dir='ltr'>in</span> <span class='ocrx_word' id='word_1_356' title='bbox 827 2488 943 2531; x_wconf 81' lang='lat' dir='ltr'>praef.</span> <span class='ocrx_word' id='word_1_357' title='bbox 975 2488 1013 2521; x_wconf 91' lang='lat' dir='ltr'>in</span> <span class='ocrx_word' id='word_1_358' title='bbox 1037 2486 1129 2521; x_wconf 85' lang='lat' dir='ltr'>Tim.</span> <span class='ocrx_word' id='word_1_359' title='bbox 1152 2496 1188 2529; x_wconf 89' lang='lat' dir='ltr'>p.</span> <span class='ocrx_word' id='word_1_360' title='bbox 1212 2484 1307 2524; x_wconf 79' lang='lat' dir='ltr'>XIV.</span> <span class='ocrx_word' id='word_1_361' title='bbox 1331 2486 1518 2521; x_wconf 85' lang='lat' dir='ltr'>retulerim</span> <span class='ocrx_word' id='word_1_362' title='bbox 1542 2488 1582 2520; x_wconf 87' lang='lat' dir='ltr'>ut</span> <span class='ocrx_word' id='word_1_363' title='bbox 1605 2486 1653 2519; x_wconf 87' lang='lat' dir='ltr'>ad</span> <span class='ocrx_word' id='word_1_364' title='bbox 1675 2485 1754 2520; x_wconf 84' lang='lat' dir='ltr'>Iso·</span> 
     </span>
     <span class='ocr_line' id='line_1_39' title="bbox 103 2540 1753 2593; baseline 0.004 -22"><span class='ocrx_word' id='word_1_365' title='bbox 103 2540 265 2575; x_wconf 82' lang='lat' dir='ltr'>crateum</span> <span class='ocrx_word' id='word_1_366' title='bbox 295 2540 489 2577; x_wconf 87' lang='lat' dir='ltr'>rhetorem.</span> <span class='ocrx_word' id='word_1_367' title='bbox 536 2543 640 2587; x_wconf 85' lang='lat' dir='ltr'>Opus</span> <span class='ocrx_word' id='word_1_368' title='bbox 671 2546 792 2580; x_wconf 90' lang='lat' dir='ltr'>autem</span> <span class='ocrx_word' id='word_1_369' title='bbox 815 2541 901 2592; x_wconf 72' lang='grc' dir='ltr'>περὶ</span> <span class='ocrx_word' id='word_1_370' title='bbox 922 2543 1203 2593; x_wconf 68' lang='grc' dir='ltr'><strong><em>Πυθαγορικῶν</em></strong></span> <span class='ocrx_word' id='word_1_371' title='bbox 1225 2545 1425 2585; x_wconf 87' lang='lat' dir='ltr'>tribuerim,</span> <span class='ocrx_word' id='word_1_372' title='bbox 1448 2545 1488 2577; x_wconf 90' lang='lat' dir='ltr'>ut</span> <span class='ocrx_word' id='word_1_373' title='bbox 1509 2553 1577 2587; x_wconf 82' lang='lat' dir='ltr'>par</span> <span class='ocrx_word' id='word_1_374' title='bbox 1600 2544 1672 2583; x_wconf 79' lang='lat' dir='ltr'>est.</span> <span class='ocrx_word' id='word_1_375' title='bbox 1693 2543 1753 2577; x_wconf 88' lang='lat' dir='ltr'>Ti·</span> 
     </span>
     <span class='ocr_line' id='line_1_40' title="bbox 106 2598 1754 2647; baseline 0.002 -17"><span class='ocrx_word' id='word_1_376' title='bbox 106 2603 213 2632; x_wconf 80' lang='lat' dir='ltr'>maeo</span> <span class='ocrx_word' id='word_1_377' title='bbox 238 2598 457 2641; x_wconf 80' lang='lat' dir='ltr'>philosopho</span> <span class='ocrx_word' id='word_1_378' title='bbox 489 2600 727 2647; x_wconf 80' lang='lat' dir='ltr'>Pythagoreo</span> <span class='ocrx_word' id='word_1_379' title='bbox 751 2601 817 2645; x_wconf 77' lang='lat' dir='ltr'>(ef.</span> <span class='ocrx_word' id='word_1_380' title='bbox 841 2601 942 2637; x_wconf 82' lang='lat' dir='ltr'>Suid.</span> <span class='ocrx_word' id='word_1_381' title='bbox 973 2613 1005 2638; x_wconf 87' lang='lat' dir='ltr'>s.</span> <span class='ocrx_word' id='word_1_382' title='bbox 1029 2602 1095 2645; x_wconf 84' lang='lat' dir='ltr'>v.).</span> <span class='ocrx_word' id='word_1_383' title='bbox 1141 2601 1278 2636; x_wconf 80' lang='lat' dir='ltr'>Tamen</span> <span class='ocrx_word' id='word_1_384' title='bbox 1310 2611 1416 2645; x_wconf 89' lang='lat' dir='ltr'>quum</span> <span class='ocrx_word' id='word_1_385' title='bbox 1449 2602 1546 2636; x_wconf 87' lang='lat' dir='ltr'>teste</span> <span class='ocrx_word' id='word_1_386' title='bbox 1570 2602 1754 2645; x_wconf 85' lang='lat' dir='ltr'>Dionysio</span> 
     </span>
     <span class='ocr_line' id='line_1_41' title="bbox 104 2647 1753 2708; baseline 0.003 -24"><span class='ocrx_word' id='word_1_387' title='bbox 104 2647 142 2684; x_wconf 71' lang='lat' dir='ltr'>ot</span> <span class='ocrx_word' id='word_1_388' title='bbox 162 2649 374 2703; x_wconf 72' lang='grc' dir='ltr'><strong><em>Ἰσοκράτην</em></strong></span> <span class='ocrx_word' id='word_1_389' title='bbox 401 2652 464 2690; x_wconf 72' lang='grc' dir='ltr'>καὶ</span> <span class='ocrx_word' id='word_1_390' title='bbox 499 2653 545 2690; x_wconf 79' lang='grc' dir='ltr'>τά</span> <span class='ocrx_word' id='word_1_391' title='bbox 574 2653 806 2708; x_wconf 78' lang='grc' dir='ltr'><strong><em>Ἰσοκράτους</em></strong></span> <span class='ocrx_word' id='word_1_392' title='bbox 834 2656 1156 2695; x_wconf 57' lang='lat' dir='ltr'>anmantuus-sau</span> <span class='ocrx_word' id='word_1_393' title='bbox 1177 2655 1396 2700; x_wconf 70' lang='grc' dir='ltr'>θελήσαντες</span> <span class='ocrx_word' id='word_1_394' title='bbox 1426 2653 1552 2693; x_wconf 75' lang='grc' dir='ltr'><strong><em>ὕπτιοι</em></strong></span> <span class='ocrx_word' id='word_1_395' title='bbox 1573 2656 1636 2693; x_wconf 69' lang='grc' dir='ltr'>καὶ</span> <span class='ocrx_word' id='word_1_396' title='bbox 1658 2654 1753 2692; x_wconf 64' lang='lat' dir='ltr'>dcc-</span> 
     </span>
     <span class='ocr_line' id='line_1_42' title="bbox 103 2707 1752 2765; baseline 0.001 -20"><span class='ocrx_word' id='word_1_397' title='bbox 103 2714 263 2755; x_wconf 69' lang='grc' dir='ltr'><strong><em>προφω</em></strong></span> <span class='ocrx_word' id='word_1_398' title='bbox 281 2707 354 2745; x_wconf 68' lang='grc' dir='ltr'>’καὶ</span> <span class='ocrx_word' id='word_1_399' title='bbox 384 2709 559 2753; x_wconf 72' lang='grc' dir='ltr'><strong><em>άναλθεῖς</em></strong></span> <span class='ocrx_word' id='word_1_400' title='bbox 586 2738 597 2749; x_wconf 91' lang='grc'><strong>.</strong></span> <span class='ocrx_word' id='word_1_401' title='bbox 615 2738 626 2750; x_wconf 91' lang='grc'><strong>.</strong></span> <span class='ocrx_word' id='word_1_402' title='bbox 649 2739 661 2751; x_wconf 88' lang='grc'><strong>.</strong></span> <span class='ocrx_word' id='word_1_403' title='bbox 690 2715 728 2750; x_wconf 75' lang='lat' dir='ltr'>oi</span> <span class='ocrx_word' id='word_1_404' title='bbox 754 2713 840 2764; x_wconf 72' lang='grc' dir='ltr'>περὶ</span> <span class='ocrx_word' id='word_1_405' title='bbox 873 2716 1035 2765; x_wconf 73' lang='grc' dir='ltr'><strong><em>Τίμαιον</em></strong></span> <span class='ocrx_word' id='word_1_406' title='bbox 1073 2725 1136 2749; x_wconf 70' lang='grc' dir='ltr'>και</span> <span class='ocrx_word' id='word_1_407' title='bbox 1170 2712 1315 2750; x_wconf 80' lang='grc' dir='ltr'><strong><em>Ψάωνα</em></strong></span> <span class='ocrx_word' id='word_1_408' title='bbox 1346 2712 1409 2749; x_wconf 76' lang='grc' dir='ltr'>καὶ</span> <span class='ocrx_word' id='word_1_409' title='bbox 1439 2716 1653 2763; x_wconf 74' lang='grc' dir='ltr'><strong><em>Σωσιγένην</em></strong></span> <span class='ocrx_word' id='word_1_410' title='bbox 1675 2715 1752 2748; x_wconf 84' lang='lat' dir='ltr'>sint</span> 
     </span>
     <span class='ocr_line' id='line_1_43' title="bbox 103 2765 1752 2820; baseline -0.005 -7"><span class='ocrx_word' id='word_1_411' title='bbox 103 2766 150 2804; x_wconf 52' lang='grc' dir='ltr'>εἶ·</span> <span class='ocrx_word' id='word_1_412' title='bbox 183 2765 337 2813; x_wconf 70' lang='lat' dir='ltr'>Longin‚</span> <span class='ocrx_word' id='word_1_413' title='bbox 370 2772 414 2805; x_wconf 92' lang='lat' dir='ltr'>de</span> <span class='ocrx_word' id='word_1_414' title='bbox 439 2772 536 2806; x_wconf 86' lang='lat' dir='ltr'>subl.</span> <span class='ocrx_word' id='word_1_415' title='bbox 568 2770 631 2814; x_wconf 83' lang='lat' dir='ltr'>IV,</span> <span class='ocrx_word' id='word_1_416' title='bbox 655 2773 689 2811; x_wconf 77' lang='lat'>1.</span> <span class='ocrx_word' id='word_1_417' title='bbox 712 2785 748 2818; x_wconf 88' lang='lat' dir='ltr'>p.</span> <span class='ocrx_word' id='word_1_418' title='bbox 775 2775 815 2809; x_wconf 84' lang='lat'>11</span> <span class='ocrx_word' id='word_1_419' title='bbox 843 2775 938 2809; x_wconf 85' lang='lat' dir='ltr'>male</span> <span class='ocrx_word' id='word_1_420' title='bbox 967 2783 1179 2817; x_wconf 80' lang='lat' dir='ltr'>expressum</span> <span class='ocrx_word' id='word_1_421' title='bbox 1207 2772 1430 2808; x_wconf 86' lang='lat' dir='ltr'>lsocrateum</span> <span class='ocrx_word' id='word_1_422' title='bbox 1465 2783 1581 2820; x_wconf 80' lang='lat' dir='ltr'>genus</span> <span class='ocrx_word' id='word_1_423' title='bbox 1609 2771 1752 2805; x_wconf 82' lang='lat' dir='ltr'>dicendi</span> 
     </span>
    </p>
   </div>
   <div class='ocr_carea' id='block_1_6' title="bbox 102 2822 1478 2918">
    <p class='ocr_par' dir='ltr' id='par_1_8' title="bbox 102 2822 1478 2918">
     <span class='ocr_line' id='line_1_44' title="bbox 102 2822 1478 2918; baseline 0.015 -62"><span class='ocrx_word' id='word_1_424' title='bbox 102 2822 310 2861; x_wconf 85' lang='lat' dir='ltr'>reddidisse</span> <span class='ocrx_word' id='word_1_425' title='bbox 334 2825 521 2864; x_wconf 82' lang='lat' dir='ltr'>Timaeum</span> <span class='ocrx_word' id='word_1_426' title='bbox 547 2831 702 2866; x_wconf 83' lang='lat' dir='ltr'>constat.</span> <span class='ocrx_word' id='word_1_427' title='bbox 757 2832 760 2835; x_wconf 75' lang='grc'><strong>’</strong></span> <span class='ocrx_word' id='word_1_428' title='bbox 1451 2880 1478 2918; x_wconf 71' lang='lat'><strong>3</strong></span> 
     </span>
    </p>
   </div>
   <div class='ocr_carea' id='block_1_7' title="bbox 1863 966 1889 995">
    <p class='ocr_par' dir='ltr' id='par_1_9' title="bbox 1863 966 1889 995">
     <span class='ocr_line' id='line_1_45' title="bbox 1863 966 1889 995; baseline 0 0"><span class='ocrx_word' id='word_1_429' title='bbox 1863 966 1889 995; x_wconf 52' lang='grc' dir='ltr'><em>ὁ</em></span> 
     </span>
    </p>
   </div>
  </div>
 </body>
</html>
