1889 3015
855 75 987 138 ‘13

126 234 174 262 eo
195 219 528 272 splendidissimo
554 218 673 257 modo
704 215 860 257 finitam
881 214 1005 255 tertia
1030 214 1220 264 sequitur
1248 213 1420 254 debilior
1450 205 1681 261 admodum,
1712 223 1788 252 ve-

123 292 184 331 lut
212 290 314 331 solis
343 287 555 327 meridiem
585 286 778 336 lucisque
806 284 1069 335 splendorem
1100 283 1328 335 fulgentem
1364 282 1564 332 deinceps
1592 282 1693 323 solis
1723 281 1789 321 in·-

123 359 308 404 clinatio,
339 367 530 405 occasus,
559 356 686 394 rubor
715 354 821 392 coeli
851 353 1131 401 vespertinus.

261 424 501 464 Novissima
532 434 583 463 ea
612 424 840 471 temporum
869 423 987 472 parte
1017 419 1345 470 quattuordecim
1374 418 1470 458 anni
1499 419 1788 470 complectun-

120 497 191 532 tur
220 494 271 532 ab
303 493 368 533 01.
403 496 497 542 107,
527 495 556 531 2
584 491 637 529 ad
659 490 754 538 100,
784 492 825 532 3.
887 490 1107 529 Orationes
1139 491 1208 539 qui
1238 491 1278 528 in
1300 491 1381 527 bac
1410 490 1548 527 aetate
1569 489 1787 538 ponendae

121 564 220 602 sunt
255 562 390 612 ipsum
429 563 636 600 oratorem·
671 558 806 597 animo
846 558 1141 608 remissiorem,
1182 560 1313 608 utque
1345 568 1422 607 par
1452 560 1529 604 est,
1571 557 1786 596 remolles-

122 632 280 670 centem
312 630 431 679 quasi
462 627 644 678 corporis
676 627 836 666 viribus
866 627 1055 667 infractis
1088 629 1129 666 et
1159 627 1399 674 debilitatis,
1429 625 1708 674 loquaciorem
1744 627 1786 664 et

121 699 386 738 morosiorem
436 708 578 736 senem
614 696 852 735 ostendunt.
922 696 964 735 Is
1013 696 1176 744 quidem
1223 696 1433 734 Isocrates
1464 694 1553 742 jam
1594 704 1784 744 magnam

123 769 280 816 partem
314 777 368 804 ex
399 766 583 804 oratione
613 763 663 803 de
693 763 995 813 permutatione
1024 764 1181 813 scripta
1211 774 1318 802 anno
1349 762 1499 800 aetatis
1531 763 1785 812 octogesimo

120 836 306 874 secundo
348 832 465 884 (XV,
497 830 563 882 9.)
606 832 778 880 apparet
815 832 994 871 maxime
1034 835 1172 871 autem
1211 843 1268 870 ex
1305 831 1627 879 Panathenaico,
1666 830 1787 870 cuius

119 902 282 942 initium
317 900 422 941 fecit
456 911 588 940 annos
625 898 764 938 XCIV
803 902 925 939 natus
967 899 1085 951 (XII,
1117 898 1170 951 3)
1209 898 1413 950 finemque
1449 898 1643 949 apposuit
1676 908 1785 937 anno

120 972 272 1011 aetatis
302 969 570 1020 nonagesimo
609 967 795 1019 septimo,
838 980 962 1019 quum
1012 969 1234 1008 triennium
1269 970 1406 1008 morbo
1436 968 1687 1019 gravissimo
1718 967 1787 1006 af-

119 1039 260 1079 fectus
291 1040 405 1078 esset
436 1039 514 1088 (ib.
545 1038 630 1076 267
661 1034 790 1086 sqq.).
831 1037 978 1086 Neque
1008 1037 1331 1086 ingravescente
1353 1038 1493 1075 aetate
1518 1037 1639 1077 senili
1661 1047 1787 1085 quum

119 1107 227 1150 senii
256 1107 324 1147 sui
355 1106 565 1146 molestias
597 1107 637 1144 et
666 1115 714 1144 se
744 1105 834 1155 ipse
863 1115 1072 1145 morosum
1104 1107 1145 1145 et
1175 1106 1391 1155 querulum
1421 1104 1609 1155 sentiret,
1639 1104 1678 1143 ei
1709 1105 1787 1144 de-

119 1175 200 1215 fuit
227 1175 422 1216 solatium
453 1185 570 1214 omne
589 1173 993 1225 adminiculumque;
1024 1183 1233 1223 nunquam
1265 1174 1373 1214 enim
1394 1183 1529 1223 usque
1550 1173 1604 1212 ad
1630 1173 1785 1213 obitum

119 1254 241 1285 suum
272 1243 503 1292 discipulos
536 1243 692 1282 habere
722 1243 862 1291 desiit,
901 1254 1072 1292 quorum
1112 1243 1297 1282 iucunda
1337 1241 1639 1282 consuetudine
1677 1252 1785 1283 usus

119 1312 274 1353 aetatis
302 1309 644 1361 longinquitatem
674 1311 992 1351 tolerabiliorem
1020 1311 1204 1351 reddidit
1234 1310 1450 1360 colloquiis
1475 1312 1517 1350 et
1534 1310 1784 1361 disputatio·

119 1381 241 1420 nibus
270 1379 485 1429 institutis,
523 1379 673 1429 quibus
710 1382 869 1430 scripta
903 1392 983 1422 sua
1012 1381 1217 1420 recitabat
1253 1382 1295 1420 et
1329 1381 1384 1419 ad
1406 1380 1613 1428 juvenum
1644 1380 1784 1419 consi-

119 1450 219 1488 lium
244 1448 480 1499 corrigebat
503 1448 623 1499 (ΧΠ,
650 1450 733 1490 200
759 1447 888 1499 sqq.).
940 1449 1088 1499 Neque
1113 1449 1274 1499 patriae
1301 1448 1430 1488 saluti
1457 1447 1604 1497 defuit,
1635 1449 1786 1499 quippe

120 1517 188 1567 qui
216 1512 293 1570 τῆς
321 1508 579 1571 α’ρρωστίας
612 1513 688 1571 τῆς
723 1514 808 1558 νῧν
836 1518 874 1556 ei
903 1513 1133 1572 παρούσης
1162 1516 1238 1568 (V,
1271 1515 1321 1567 1)
1360 1529 1515 1556 memor
1543 1517 1596 1555 ad
1626 1519 1785 1569 Philip-

118 1597 216 1636 pum
238 1585 523 1625 Macedonem
553 1597 704 1637 magna
736 1587 969 1625 molientem
990 1585 1288 1625 cohortativam
1314 1587 1540 1625 orationem
1569 1587 1784 1637 scriberet,

120 1656 167 1693 ut
182 1653 271 1693 dux
293 1654 545 1693 Graecorum
567 1655 746 1694 omnium
764 1654 1067 1705 expeditionem
1084 1659 1228 1694 contra
1242 1656 1394 1696 Persas
1410 1654 1573 1695 faceret
1596 1654 1674 1707 (V,
1692 1653 1786 1706 16),

119 1722 310 1771 idemque
341 1732 421 1760 sex
449 1722 570 1761 annis
602 1725 695 1771 post
724 1722 787 1774 [a.
819 1721 931 1773 340)
963 1723 1139 1772 epistola
1170 1722 1208 1762 ei
1237 1723 1451 1764 suaderet.

257 1789 451 1827 Attamen
491 1791 569 1830 sub
608 1788 730 1829 finem
768 1790 885 1829 vitae
915 1791 1104 1841 magistri
1133 1790 1329 1829 memoria
1358 1790 1542 1840 scholae,
1583 1788 1672 1830 fere
1703 1802 1783 1830 ex-

119 1856 272 1899 stincta
302 1857 471 1897 videtur
501 1869 636 1908 neque
667 1870 910 1908 quemquam
947 1860 1130 1910 reperire
1166 1859 1335 1909 poteris,
1374 1860 1444 1909 qui
1472 1857 1532 1898 in*
1545 1860 1785 1900 novissimis

117 1926 172 1967 iis
210 1925 464 1976 temporibus
503 1927 542 1966 ei
580 1926 787 1970 immissus
827 1928 968 1969 clarus
1003 1928 1223 1968 admodum
1266 1929 1308 1967 et
1338 1927 1486 1969 nobilis
1516 1928 1581 1968 vir
1611 1929 1783 1979 exierit;

118 1996 199 2035 nisi
229 1993 344 2036 forte·
367 1996 466 2035 huic
494 1997 667 2045 tempori
696 2009 789 2036 curn
816 1998 1032 2046 epistolam
1054 2000 1240 2047 quartam
1272 1999 1314 2036 et
1335 1998 1549 2047 septimam
1581 2000 1682 2047 tum,
1713 1999 1783 2047 qut

118 2064 160 2103 in
191 2064 284 2105 istis
305 2063 655 2114 commendantur,
686 2065 913 2115 discipulos
935 2067 1154 2105 Diodotum
1185 2064 1283 2116 (IV,
1308 2067 1327 2105 1
1352 2063 1468 2117 sqq.)
1498 2067 1541 2106 et
1569 2068 1784 2107 Autocra-

116 2137 246 2172 torem
277 2131 394 2183 (Vll,
427 2133 481 2172 10
510 2131 598 2183 sq.)
628 2134 809 2173 tribuere
841 2135 1049 2177 malueris.

117 2258 209 2291 clem
235 2259 432 2298 retulerim,
458 2258 503 2291 de
528 2268 598 2302 quo
621 2260 746 2294 fabula
769 2271 792 2294 a
817 2260 880 2295 Ps.
905 2260 999 2295 Plut.
1023 2262 1093 2296 838
1115 2262 1141 2302 f,
1164 2260 1258 2294 Plut.
1282 2252 1424 2304 quaest.
1449 2271 1571 2304 symp.
1602 2272 1640 2303 p.
1664 2263 1783 2297 9¹3⁸.

118 2314 282 2348 Macrob.
308 2314 383 2348 Sat.
411 2315 485 2354 VII,
513 2316 552 2358 1„
585 2316 622 2349 et
661 2326 684 2348 a
712 2318 883 2351 nonnulis
915 2318 1124 2352 rhetoribus
1156 2318 1340 2357 narratur;
1363 2313 1584 2363 ἑστιώμενος
1616 2314 1659 2351 δὲ
1692 2327 1782 2353 ποτε

117 2366 223 2417 παρὰ
247 2369 483 2418 Νικοκρέοντι
512 2370 636 2416 (legas
656 2371 844 2415 Νικοκλεῖ)
868 2373 922 2419 τῷ·
942 2371 1100 2421 Κύπρου
1122 2371 1304 2422 τυράννῳ,
1327 2374 1645 2422 προτρεπομένων
1667 2372 1784 2410 αδτδν

114 2427 193 2460 τῶν
214 2425 414 2473 παρόντων
445 2425 707 2473 διαλεχθῆναι,
737 2427 828 2474 ἔφη·
853 2423 910 2468 οἷς
937 2427 1011 2475 μὲν
1035 2428 1108 2476 ἐγώ
1142 2428 1275 2474 δεινός,
1301 2428 1376 2477 οὔχ
1400 2427 1423 2464 o‘
1445 2433 1516 2465 νῦν
1541 2427 1688 2475 καιρός·
1722 2426 1781 2471 οἷς

117 2480 154 2515 δ’
186 2478 210 2515 o‘
232 2480 303 2517 νῦν
323 2482 465 2531 καιρός,
499 2481 567 2519 οὔκ
598 2480 671 2530 ἐγώ
696 2482 829 2525 δεινός,
868 2496 961 2531 quae
992 2488 1261 2521 narratiuncula
1302 2489 1339 2521 et
1370 2488 1600 2523 antithcseos
1634 2491 1671 2523 et
1703 2491 1777 2523 iso-

117 2540 189 2575 coli
214 2541 250 2576 et
272 2541 548 2576 homoioteleuti
581 2545 746 2585 speciem
772 2553 870 2578 mere
893 2545 1123 2579 Isocrateam
1146 2554 1235 2587 prae
1261 2555 1304 2580 se
1329 2545 1410 2579 fert.
1435 2545 1602 2580 Nominis
1635 2547 1779 2580 formae

117 2597 288 2632 Nicocles
320 2598 357 2631 et
388 2599 595 2634 Nicocreon
627 2602 778 2644 saepius
809 2603 1060 2646 permutantur
1093 2603 1188 2645 apud
1223 2603 1382 2645 Cyprios
1415 2603 1461 2635 ef.
1492 2603 1597 2638 Diod.
1621 2603 1703 2645 XX,
1734 2607 1778 2640 21

117 2663 209 2688 cum.
241 2665 326 2690 ann.
350 2655 576 2702 wesselingi
608 2668 694 2691 nam
726 2660 762 2691 in
799 2661 923 2702 priore
954 2660 1084 2693 itinere
1115 2670 1210 2694 anno
1235 2661 1303 2695 377
1326 2659 1498 2694 Nicocles
1530 2662 1690 2696 nondum
1717 2673 1781 2697 rex

114 2709 235 2745 factus
270 2714 360 2762 grat,
383 2713 554 2761 Evagora
576 2715 682 2757 patre
707 2716 814 2757 vivo;
844 2717 998 2750 alterum
1031 2718 1100 2750 iter
1122 2718 1299 2751 Isocratis
1325 2717 1422 2751 cadit
1444 2719 1482 2751 in
1507 2720 1691 2754 extremos
1716 2720 1778 2752 Ni·

115 2765 227 2799 coclis
250 2777 381 2810 annos,
413 2781 519 2815 quum
544 2780 639 2805 anno
672 2772 741 2805 350
764 2782 822 2815 ap.
846 2773 953 2807 Diod.
977 2772 1074 2813 XVI,
1103 2775 1149 2810 46
1172 2775 1247 2808 iam
1278 2774 1373 2810 alius
1399 2773 1676 2811 Salaminiorum
1716 2785 1781 2810 rex

42 2867 53 2882 R
116 2823 354 2867 Pnytagoras
380 2825 442 2868 (cf.
470 2829 697 2874 Wesselingi
722 2831 847 2864 notam
873 2831 919 2863 ad
944 2832 980 2867 h.
1005 2831 1046 2874 1.)
1075 2833 1386 2867 commemoretur.
