1889 3015
922 37 976 80 14

246 180 369 215 Anno
402 176 487 216 338
517 177 664 232 schola
688 176 936 229 magistrum
969 178 1100 218 morte
1143 176 1381 217 voluntaria
1424 180 1607 235 ereptum
1638 177 1781 227 doluit,

112 246 181 297 qui
214 247 354 285 nuntio
385 245 519 285 cladis
550 246 885 287 Chaeroneensis
914 248 1040 286 allato
1077 246 1186 287 omni
1225 257 1302 296 spe
1341 248 1502 296 patriae
1530 248 1676 290 salvae
1705 247 1781 286 de-

111 316 248 355 iectus
282 315 451 354 mortem
482 316 764 356 honorabilem
796 318 911 356 vitae
949 316 1083 367 turpis
1114 315 1251 355 taedio
1288 317 1497 365 praetulit.
1557 318 1653 357 Non
1682 326 1783 356 vero

110 396 283 435 prorsus
314 386 356 422 et
386 383 523 423 subito
553 385 760 425 dissoluta
789 385 1012 435 disciplina
1038 387 1223 427 evanuit.
1259 385 1381 425 Alter
1403 387 1612 427 Isocrates
1642 386 1680 426 ei
1705 396 1783 425 ex-

111 454 243 503 stitit3
283 463 365 491 non
403 452 473 492 ilie
514 453 678 503 quidem
717 464 894 504 magnus
934 457 977 494 et
1013 455 1325 504 celeberrimus,
1362 456 1500 495 tamen
1537 454 1604 493 vir
1632 455 1784 505 probae

114 521 344 561 voluntatis
376 522 418 560 et
450 521 577 563 variis
607 522 796 562 scientiis
817 523 930 561 haud
957 523 1193 572 spernenda
1218 524 1397 574 denique
1423 524 1525 563 artis
1550 523 1783 563 rhetoricae

114 589 376 640 cognitione,
419 592 687 630 exstructus:
728 592 941 632 Isocrates
976 592 1242 642 Apolloniata
1282 614 1337 621 —
1378 593 1487 643 quod
1523 591 1628 632 Suid
1665 601 1784 632 s.·v.

114 659 331 698 mandavit
360 679 418 687 —
446 659 596 709 Magni
628 660 829 700 Isocratis
858 671 1083 702 successor
1112 660 1251 701 sactus
1282 664 1359 709 est,
1389 662 1426 701 is
1457 661 1526 711 qui
1548 658 1786 700 familiaris·

113 728 247 767 simus
279 726 373 766 eius
404 727 617 767 cotidiana
656 730 961 769 consuetudine
990 741 1108 780 usus,
1149 731 1218 779 qni
1257 731 1339 769 iam
1378 731 1421 769 in
1458 729 1645 770 Mausoli
1672 728 1788 768 ludis

114 796 361 836 funebribus
399 798 686 847 praeceptoris
724 799 816 837 loco
854 798 1130 837 laudationem
1169 799 1210 835 in
1252 800 1457 838 mortuum
1502 808 1647 848 regem
1685 806 1786 835 con-

114 865 314 914 scriptam
345 864 500 914 habuit,
533 866 600 905 cui
631 866 751 916 copia
784 866 883 906 data
907 868 984 916 est,
1015 876 1175 905 omnem
1207 867 1404 908 Isocratis
1432 864 1716 917 praecipiendi
1747 865 1790 903 et

115 933 327 974 scribendi
358 933 440 971 vim
471 936 671 983 artesque
701 938 748 974 ut
778 946 872 974 cum
901 936 1137 985 pulvisculo
1178 938 1373 985 tanquam
1413 937 1466 975 ad
1497 945 1624 975 unum
1654 932 1790 972 omnia

117 1001 361 1042 exhauriret
391 1004 434 1041 et
460 1002 661 1046 sorberet.
677 1001 725 1055 ⁷]

260 1071 408 1118 Quoad
451 1073 559 1112 alter
594 1073 674 1113 iste
715 1073 924 1113 Isocrates
954 1074 1126 1113 scholae
1166 1074 1349 1114 Athenis
1387 1071 1632 1123 praefuerit,
1677 1072 1793 1111 nulla

120 1140 202 1178 iam
243 1140 488 1179 coniectura
525 1142 696 1190 assequi
733 1142 846 1182 licet.
906 1142 1158 1194 Testimouia
1202 1142 1311 1181 enim
1352 1142 1506 1181 desunt
1544 1140 1693 1189 omnia,
1733 1140 1795 1179 ita

121 1212 169 1248 ut
198 1208 422 1259 imaginem
451 1210 691 1250 Isocrateae
719 1211 889 1252 scholae
919 1210 1160 1251 historicam
1200 1211 1255 1250 ad
1294 1209 1388 1250 veri
1410 1210 1580 1250 ‘certam
1610 1209 1795 1259 speciem

122 1278 191 1318 hic
222 1277 364 1317 verbis
395 1278 639 1328 depinxisse
669 1280 773 1320 satis
803 1280 1044 1322 habeamus.

262 1358 415 1397 Restat
455 1354 515 1401 ut,
553 1349 703 1401 quibus
740 1349 933 1389 aedibus-
956 1352 1000 1388 et
1040 1359 1121 1399 qua
1161 1349 1276 1388 urbis
1315 1349 1487 1400 regione
1526 1348 1621 1389 sitis
1652 1347 1798 1387 schola

122 1438 203 1466 usa
235 1426 375 1474 fuerit,
407 1422 748 1462 demonstremus.
807 1418 1000 1457 Zosimus
1031 1417 1073 1456 in
1104 1417 1217 1456 vitae
1246 1418 1374 1458 [socr.
1404 1427 1502 1468 pag.
1532 1417 1593 1455 xi
1623 1415 1797 1466 notavit,

126 1489 369 1551 διατριβήν
407 1488 457 1532 δὲ
493 1483 583 1541 εἶχε
620 1482 737 1542 πρός
774 1482 840 1543 τῷ
876 1483 1054 1541 Λυκείῳ
1089 1482 1155 1542 τῷ
1191 1482 1437 1543 γυμνασίῳ,
1475 1485 1585 1535 quod
1613 1486 1798 1534 Lyceum

126 1566 269 1605 fanum
311 1562 393 1602 fnit
424 1558 629 1609 Apollinis
658 1554 882 1604 lycoctoni.
900 1552 947 1604 ⁸)
1008 1554 1209 1593 Isocratis
1243 1553 1437 1593 aedificia
1477 1555 1585 1593 inter
1612 1555 1799 1602 Lyceum

126 1631 426 1673 nobilissimum
454 1628 559 1667 illud
591 1627 633 1665 et
663 1624 931 1672 Gymnasium
961 1622 1171 1672 Herculis,
1209 1623 1314 1671 quod
1348 1615 1634 1677 Κυνόσαργες
1669 1630 1799 1661 voca·-

127 1705 262 1751 batur,
302 1699 525 1739 interiecta
564 1695 697 1735 fuisse
738 1693 956 1742 videntur3
993 1701 1088 1731 nam
1119 1703 1143 1731 e
1183 1692 1357 1741 regione
1395 1691 1488 1740 ejus
1529 1689 1802 1741 cynos-tgna

128 1769 307 1812 Isocrati
337 1769 429 1808 erat
457 1765 697 1816 sepulcrum
727 1761 987 1812 gentilicium
1025 1762 1067 1800 et
1095 1759 1407 1809 hereditarium,
1436 1760 1506 1799 ubl
1535 1760 1626 1809 ipse
1655 1759 1802 1798 huma-

130 1844 200 1881 tus
228 1849 311 1880 una
329 1829 424 1877 curii
439 1838 571 1885 patre,
593 1841 740 1881 uxore,
768 1828 868 1880 filio,
889 1828 1108 1879 nepotibus
1124 1828 1255 1878 jacet3
1279 1828 1516 1878 tumuloque
1533 1829 1724 1868 columna
1738 1828 1804 1866 in-

131 1909 283 1956 stabat,
312 1907 379 1946 cui
396 1905 509 1945 siren
526 1901 729 1952 quaedam
756 1911 780 1946 e
798 1909 1000 1938 marmore
1017 1898 1182 1947 sculpta
1196 1897 1387 1946 imposita
1402 1898 1493 1936 erat
1508 1895 1589 1948 (cf.
1606 1898 1676 1939 Ps.
1694 1896 1804 1938 Plut.

133 1979 219 2019 838
250 1978 288 2025 b,
321 1986 357 2016 c.
400 1972 594 2013 Philostr.
625 1971 659 2018 Ι,
694 1970 760 2010 17.
804 1969 986 2008 Pausan,
1017 1967 1051 2016 Ι,
1092 1977 1129 2007 c.
1163 1966 1229 2007 19.
1273 1965 1467 2005 Zosimus
1502 1965 1547 2005 in
1580 1962 1654 2006 itit.
1685 1966 1741 2007 Is.
1763 1976 1803 2015 p.

133 2047 238 2087 Xlll
264 2041 425 2094 Dind.).
457 2043 592 2090 Prope
614 2038 720 2078 illud
745 2039 931 2086 Lyceum
953 2037 995 2075 et
1015 2034 1265 2074 domicilium
1288 2045 1410 2076 suum
1431 2034 1474 2073 in
1499 2035 1664 2085 propria
1689 2034 1806 2073 domo

138 2119 178 2157 et
216 2114 388 2155 scholae
418 2109 610 2151 aedificia
640 2106 883 2158 possedisse
912 2105 1161 2156 putaverim,
1192 2103 1301 2154 quod
1334 2104 1474 2144 elucet
1500 2106 1721 2155 praeterea
1751 2115 1807 2144 ex

136 2183 449 2226 Panathenaico
480 2180 510 2228 §
541 2179 594 2219 18
621 2175 741 2228 (33),
762 2177 833 2215 ubi
857 2178 943 2214 tres
970 2176 1222 2223 quattuorve
1247 2171 1512 2211 familiarium
1533 2174 1710 2212 Isocrati
1733 2173 1807 2212 ob-

138 2256 251 2295 viam
274 2251 379 2293 facti
404 2248 610 2295 dicebant,
631 2245 840 2295 sophistas
856 2242 1192 2294 gregariossive
1218 2251 1389 2281 scurras
1414 2242 1632 2282 nonnullos
1655 2242 1695 2280 in
1720 2242 1809 2292 ipso

141 2326 283 2371 Lyceo
309 2318 577 2360 considentes
602 2326 695 2354 eum
721 2312 965 2353 calumniari
982 2311 1185 2361 coepisse,
1202 2310 1309 2359 quod
1328 2321 1376 2348 eo
1392 2309 1637 2351 insolentius
1654 2308 1811 2350 factum

139 2392 327 2443 apparet,
369 2399 448 2438 quo
479 2385 653 2437 propius
683 2383 737 2423 ad
777 2384 872 2432 ipsa
901 2382 1116 2421 Isocrates
1146 2378 1656 2437 domiciliaaccedebant.

282 2503 322 2546 ⁷)
346 2501 500 2537 Invidia,
533 2507 641 2543 quam
672 2499 706 2529 ei
731 2497 857 2530 auctor
889 2494 1068 2537 epistolae
1095 2491 1305 2526 Socraticae
1324 2491 1461 2542 ¹XXX.
1494 2493 1555 2537 qui
1579 2491 1810 2536 Speusippus

145 2563 302 2601 videtur,
335 2558 545 2612 commovft
567 2573 610 2580 —-
639 2547 686 2588 οὗ
710 2552 755 2587 σύ
780 2550 940 2590 πολλοῦς
963 2551 1188 2595 τεθεαμένος
1218 2546 1397 2593 σοφιστάς
1426 2546 1706 2597 βδελυρώτερον
1738 2546 1813 2595 οὔχ

144 2615 313 2665 ἑώρακας
345 2632 390 2639 -—
422 2616 570 2648 infenso
596 2612 872 2645 calumniatoris
896 2611 934 2642 ut
964 2608 1177 2643 Academici
1207 2606 1330 2640 animo
1362 2608 1558 2641 tribuenda
1596 2606 1666 2646 est,
1697 2607 1743 2641 cf.
1773 2608 1812 2641 in

145 2677 271 2710 classe
294 2671 331 2706 11
356 2673 423 2706 sub
449 2683 483 2706 n.
506 2669 646 2704 XXIV.

290 2729 328 2772 θ)
358 2730 412 2763 De
435 2730 553 2762 tribus
578 2729 632 2761 sic
650 2727 794 2761 vocatis
812 2726 1023 2771 gymnasiis
1049 2724 1218 2758 conferas
1234 2721 1481 2758 Scholiastam
1508 2722 1553 2756 ad
1573 2720 1813 2758 Dem²otnenis

130 2790 237 2824 orat.
261 2791 297 2822 in
323 2786 481 2820 Timoer.
505 2795 540 2828 p.
567 2785 646 2823 736,
669 2785 702 2818 6.

844 2834 1120 2849 m
