1889 3015
891 59 948 103 29

233 205 369 252 Atqae
410 204 516 241 haec
553 202 715 254 quidem
756 202 807 242 de
846 202 980 253 prima
1010 202 1146 241 classe
1181 202 1398 250 hactenus,
1437 199 1596 240 maiora
1625 202 1758 240 moliri

99 273 318 322 noluimus,
360 273 547 322 quamvis
588 271 695 312 enim
733 271 918 311 virorum
958 269 1000 309 in
1030 270 1242 320 republica
1279 271 1349 309 illo
1381 273 1563 320 tempore
1594 270 1761 319 conspi-

95 353 268 382 cuorum
300 343 409 381 haud
444 342 597 393 exigua
627 339 846 380 multitudo
876 341 1091 379 isocratea
1121 339 1376 378 institutione
1405 341 1470 380 usi
1494 338 1664 387 fuerint,
1695 342 1762 377 ta-

95 421 189 451 men
221 411 311 451 eius
341 411 586 463 disciplinae
624 409 859 449 memoriam
891 409 1041 448 oblivio
1082 408 1226 448 invida
1256 410 1298 447 et
1333 408 1422 448 fere
1452 410 1654 459 perpetua
1685 407 1760 446 ob-

91 465 195 530 ruit3
227 483 468 531 tantumque
497 481 630 527 abest,
660 481 707 517 ut
736 479 859 527 plane
882 479 933 517 de
965 489 1015 517 ea
1035 490 1081 517 re
1104 478 1387 527 desperemus,
1418 480 1464 516 ut
1483 480 1591 516 hanc
1621 488 1757 527 quae-

89 549 263 591 stionem
294 548 425 600 finire,
456 558 577 598 quam
608 546 836 585 immaturis
867 546 1126 596 opinionibus
1158 549 1198 586 et
1228 544 1461 586 temerariis
1491 545 1746 596 suspicioni-

92 619 170 658 bus
199 619 391 668 antiquas
420 618 564 657 literas
594 617 757 655 tentare
788 616 1067 658 maluerimus,

572 1047 577 1053 Ι
754 968 940 1049 Caput
983 966 1083 1030 111.

94 1106 327 1172 Secunda
361 1094 536 1171 classe
574 1106 809 1171 rhetores
847 1108 900 1170 et
942 1106 1131 1170 literati
1169 1105 1402 1171 homines
1444 1105 1759 1171 eontinentur

90 1223 183 1266 sive
213 1224 241 1263 ii
272 1224 339 1274 qui
371 1225 412 1263 et
441 1223 482 1262 in
513 1225 644 1263 artem
669 1224 920 1264 rhetoricam
950 1223 1192 1263 tradendam
1224 1222 1457 1273 artiumque
1494 1224 1620 1264 libros
1647 1224 1756 1264 scri-

148 1292 304 1333 bendos
335 1295 376 1331 et
406 1293 449 1330 in
479 1292 618 1331 studia
646 1293 914 1331 humanitatis
944 1303 997 1331 ac
1026 1293 1240 1331 literarum
1270 1293 1393 1341 inque
1426 1297 1689 1332 monumenta

416 1359 673 1410 antiquitatis
703 1360 924 1400 tractanda
954 1370 1121 1411 operam
1152 1360 1429 1401 contulerunt.

229 1555 346 1597 XIV.
375 1551 636 1618 Metrodorus
650 1555 793 1608 Chius,
814 1557 993 1615 rhetos-2„
990 1556 1226 1619 Isocrateus
1246 1554 1425 1619 vogatur
1454 1564 1480 1612 a
1499 1554 1634 1595 Snida
1653 1567 1687 1597 s.
1714 1567 1757 1599 v.
1811 1569 1832 1625 η

1332 1604 1390 1618 erm
1391 1602 1477 1615 »νε-τί*
1478 1600 1584 1613 *ἓτι-’τ58ῆε
1570 1602 1626 1615 -ι-«υ

92 1622 360 1672 Theocritum
391 1604 548 1673 ᾇῖῗὰ
531 1624 568 1664 9ἰ
597 1634 741 1664 verum
764 1614 840 1673 est,
857 1604 1141 1664 Metrodorus
1163 1625 1272 1663 mter
1282 1606 1365 1664 eos
1390 1608 1504 1663 certe
1528 1623 1622 1673 fuit,
1653 1635 1757 1675 quos

91 1692 299 1730 Isocrates
338 1692 381 1729 in
419 1693 556 1731 insula
593 1693 695 1732 Chio
732 1704 771 1732 a.
801 1693 1030 1731 398—395
1062 1692 1216 1740 docuit,
1255 1703 1348 1731 nam
1378 1693 1415 1732 si
1445 1692 1525 1732 iste
1555 1694 1758 1744 deinceps
1820 1681 1841 1749 fl

90 1760 311 1805 Theocriti,
351 1760 603 1810 'lheopompi
638 1760 839 1809 aequalis,
879 1760 1080 1809 magister
1102 1759 1243 1799 factus
1274 1761 1350 1808 est,
1380 1759 1472 1809 ipsa
1503 1760 1594 1799 eius
1615 1762 1758 1801 rheto-

91 1827 192 1875 rica,
210 1828 414 1866 institutio
444 1828 483 1867 in
513 1829 718 1878 prioribus
757 1830 994 1869 Isocrateae
1025 1829 1270 1878 disciplinae
1306 1829 1427 1868 annis
1456 1829 1647 1878 ponenda
1678 1833 1757 1873 est.

90 1895 246 1935 suidas
296 1898 434 1934 autem
474 1897 557 1935 alio
596 1897 688 1936 loco
725 1909 763 1939 s.
802 1906 844 1938 V.
886 1890 1165 1951 Δημόκριτος
1201 1895 1489 1935 Metrodorum
1531 1899 1757 1937 Democriti

91 1963 320 2013 philosophi
351 1964 579 2004 auditorem
611 1967 653 2005 et
681 1965 927 2015 magistrum
955 1965 1199 2004 Anaxarchi
1231 1966 1273 2003 et
1306 1965 1574 2015 Hippocratis
1604 1967 1755 2006 medici

90 2032 330 2081 appellavit.
373 2032 627 2071 Conturbata
646 2036 876 2083 temporum
894 2034 999 2071 ratio
1023 2034 1204 2079 videtur,
1235 2032 1397 2070 medela
1417 2034 1557 2071 autem
1576 2046 1631 2073 ex
1651 2035 1756 2084 Hip-

90 2100 272 2149 pocratis
303 2099 394 2142 Coi.
424 2102 564 2140 aetate
602 2102 820 2144 sumenda.
860 2103 957 2142 Jam
995 2101 1220 2140 Reinesius
1259 2099 1414 2139 falsum
1454 2101 1534 2140 hoc
1573 2102 1625 2141 de
1669 2102 1756 2143 Coo

90 2167 253 2207 medico
285 2168 441 2208 dictum
473 2181 567 2210 esse
596 2170 715 2213 vidit.
780 2170 968 2211 Fuerunt
999 2169 1119 2218 enim,
1158 2169 1227 2219 qui
1258 2169 1497 2219 Hippocrati
1530 2171 1572 2208 et
1601 2171 1756 2209 Demo-

91 2236 194 2275 crito
226 2237 392 2276 eosdem
435 2240 576 2278 mortis
614 2242 657 2279 et
695 2240 856 2282 natales
894 2250 1024 2278 annos
1054 2233 1294 2287 tribuerent,
1335 2237 1390 2279 cf.
1422 2237 1546 2279 Olint.
1583 2239 1637 2277 ad
1667 2238 1754 2280 4⁶0

89 2308 131 2344 ct
160 2305 259 2354 35⁷,
289 2306 415 2354 idque
442 2307 571 2356 primo
603 2309 747 2347 obtutu
769 2309 1041 2357 depravatum
1066 2308 1250 2356 apparet,
1281 2318 1405 2355 quum
1429 2306 1645 2356 utriusque
1676 2319 1753 2346 ac-

90 2369 187 2411 tatis
217 2374 329 2422 anni,
371 2384 472 2423 quos
501 2376 697 2426 vixerint,
727 2376 875 2425 incerti
915 2378 957 2415 et
996 2375 1104 2413 varii
1143 2375 1283 2412 traditi
1323 2375 1419 2416 sint.
1486 2375 1683 2414 Medicus
1712 2376 1754 2413 in

89 2441 307 2481 Thessalia
336 2442 560 2494 habitabat,
590 2444 749 2485 amicus
788 2444 901 2495 regis
939 2443 1166 2484 Perdiccae
1204 2441 1375 2494 (Suid.)
1417 2445 1458 2483 ct
1496 2454 1608 2483 nunc
1637 2443 1755 2482 nobis

89 2510 298 2550 succurrit
339 2513 654 2564 narratiuncula
691 2513 955 2554 suavissima.
1015 2514 1177 2551 Auctor
1211 2522 1440 2560 anonymus
1482 2511 1592 2550 vitae
1630 2511 1754 2562 Hipp.

91 2578 182 2630 (ap.
218 2581 523 2625 Westermann.
555 2584 646 2626 vitt.
672 2584 832 2634 scripti.
856 2594 894 2633 p.
919 2579 1029 2634 450)
1055 2581 1297 2621 Perdiccam
1320 2581 1546 2631 cupiditate
1569 2578 1755 2632 flagran-

90 2749 154 2783 dit.
200 2750 355 2788 Euthias
380 2754 508 2790 ,autem
541 2755 827 2800 accusationem,
858 2735 955 2788 teste
980 2753 1280 2795 Harpocratione,
1314 2755 1360 2786 ab
1386 2751 1611 2786 Anaximene
1637 2751 1751 2792 scrip-

91 2807 164 2841 tam
191 2811 344 2853 accepit,
368 2821 486 2855 neque
511 2811 626 2847 semel
643 2811 785 2853 judicio
808 2811 936 2855 lapsus
962 2812 998 2844 in
1024 2810 1206 2853 publicum
1233 2811 1366 2854 prodiit
1392 2809 1493 2853 (Ath.
1518 2809 1572 2847 13,
1595 2808 1665 2842 500
1689 2806 1755 2849 D).

0 2993 797 3015 ῌᾉγ
