1889 3015
931 34 959 78 2

104 168 319 226 Philisco,
362 169 509 226 Isaeo,
543 170 788 227 Naucrate,
819 170 1020 217 Isocrate
1049 171 1339 231 Apolloniata
1369 173 1656 232 conscriptae
1686 188 1781 220 ser-

103 246 240 283 vatae
271 245 398 291 sunt3
427 253 579 295 pauca
609 248 781 283 tantum
814 255 872 283 ex
901 240 973 283 his
1004 248 1224 296 excerpta
1246 244 1370 296 apud
1393 241 1591 299 reliquos
1621 243 1783 287 artium

104 306 356 363 scriptores
385 307 686 363 reperiuntur,
716 322 804 352 nec
826 305 1041 367 Ρητορικῆ
1071 305 1186 367 πρὸς
1213 304 1517 367 Ἀλέξανδρον
1545 323 1661 368 quae
1677 310 1781 356 Ari-

104 374 282 419 stotelis
314 372 476 429 fertur,
508 375 622 419 satis
652 383 808 421 certae
838 384 913 421 est
941 375 1059 431 fidei,
1089 370 1596 434 quamvisglsocrateum
1615 379 1782 436 optime

105 456 375 499 expressum
407 456 555 499 genus
586 442 818 487 scribendi
857 450 902 488 et
932 444 1126 489 docendi
1155 458 1266 501 prae
1297 459 1349 490 se
1370 447 1504 489 ferat.
1565 444 1658 501 (De
1690 460 1783 490 om·

105 511 237 554 nibus
266 510 368 554 istis
398 510 524 555 libris
553 509 674 555 infra
703 511 888 568 agitur.)

245 581 307 623 At
336 594 430 622 nou
460 579 610 622 omnia
629 585 833 622 veterum
864 580 1121 625 testimonia
1142 581 1462 626 obmutuerunt
1491 579 1785 638 mutilataque

106 655 211 694 sunt
241 655 287 692 et
318 646 599 692 conturbata.
642 646 836 692 Primum
866 649 984 694 enim
1012 649 1155 706 ipsius
1186 649 1387 706 magistri
1409 649 1649 695 orationes·
1670 648 1785 693 litte·

106 731 308 775 raeque,
346 716 494 773 quoad
533 716 593 759 ab
634 715 863 770 Isocrate,
899 718 960 761 ad
999 732 1133 775 quem
1170 713 1452 772 referuntur,
1496 717 1785 774 conscriptae

108 793 232 839 sunt,
263 784 426 830 deinde
454 783 576 827 vitae
608 784 710 828 eius
741 785 986 843 scriptores
1009 782 1501 840 Pseudo-Plutarchus,
1533 784 1786 830 Philostra-

109 863 196 908 tus,
227 851 431 904 Photius,
461 851 642 903 Suidas‚
673 853 892 907 Eudocia,
921 851 1205 910 Anonymus,
1254 852 1330 910 qui
1358 851 1566 896 Zosimus
1594 852 1787 905 videtur,

110 921 318 979 quamvis
347 931 467 963 unus
497 933 555 963 ex
586 918 775 964 alterius
806 921 1079 966 auctoritate
1108 921 1320 978 pendeat,
1350 921 1394 964 in
1424 935 1555 965 usum
1585 927 1787 965 nostrum

110 988 401 1034 convertendi
439 995 569 1031 erant
578 1004 591 1040 3
639 989 864 1032 accedunt
911 1004 1026 1047 quae
1065 989 1312 1046 Dionysius
1347 987 1787 1043 Halicarnassensis,

110 1058 297 1112 Cicero,
332 1055 636 1107 Quintilianus
677 1056 854 1114 judicia
894 1057 1114 1110 tulerunt,
1162 1071 1307 1113 neque
1348 1056 1789 1118 narratiunculamm
1845 1103 1847 1105 ,

108 1131 553 1182 praeceptorumque
595 1125 746 1181 copia,
778 1138 914 1181 quam
944 1123 1275 1181 technographi
1312 1124 1384 1183 qui
1421 1124 1629 1168 dicuntur
1655 1137 1788 1180 prae-

110 1195 236 1247 bent,
267 1192 551 1248 spernenda3
580 1199 815 1249 postremo
856 1191 1170 1250 lexicographi
1199 1198 1244 1236 et
1267 1181 1624 1272 historiographi
1660 1198 1791 1237 erant

111 1260 398 1319 inspiciendi,
429 1274 545 1317 quos
575 1273 843 1304 enumerare
874 1260 1059 1317 longum
1090 1268 1174 1304 est.

255 1328 377 1372 {nter
407 1335 659 1381 nostrates,
695 1328 772 1384 qui
803 1329 860 1373 de
891 1330 1093 1372 Isocrate
1126 1327 1463 1386 quaesiverunt,
1502 1327 1630 1386 digni
1669 1334 1789 1383 sunt,

113 1413 143 1442 a
174 1396 335 1454 quibus
366 1396 574 1452 quaestio
615 1402 779 1440 nostra
816 1403 1053 1454 repetatur
1094 1396 1136 1440 J.
1165 1395 1221 1440 A.
1250 1393 1486 1440 Fabricius
1524 1396 1570 1439 in
1598 1395 1790 1440 historia

111 1465 360 1508 litterarum
400 1463 684 1507 Graecarum
725 1464 857 1519 (tom.
886 1465 926 1507 ΙΙ
956 1466 1025 1508 ed.
1055 1463 1274 1519 Harles.)‚
1320 1464 1430 1509 1790
1440 1480 1453 1515 3
1490 1461 1791 1507 Ruhnkenius

114 1535 160 1578 in
185 1531 473 1589 eloquentiae
495 1531 682 1575 historia
702 1531 905 1588 praefixa
927 1533 1111 1577 editioni
1126 1532 1268 1576 Rutili
1290 1532 1409 1588 Lupi
1430 1533 1561 1582 17683
1584 1528 1788 1575 wester-

114 1613 311 1644 mannus
339 1600 385 1641 in
415 1598 564 1655 eloqu.
591 1597 693 1641 hist.
723 1600 757 1642 Ι.
805 1602 940 1652 1833;
976 1599 1212 1644 Pfundtius
1249 1600 1339 1653 „de
1368 1599 1589 1643 Isocratis
1623 1598 1718 1650 vita
1747 1605 1792 1642 et

116 1667 351 1724 scriptis“,
382 1664 535 1710 Berol.
559 1667 668 1712 1833
680 1681 694 1717 3
726 1666 957 1725 Sauppius
977 1668 1021 1712 in
1041 1669 1140 1727 ejus
1149 1666 1486 1723 ,dissertationis
1505 1665 1792 1720 recensione,

118 1749 237 1794 quae
274 1733 436 1791 legitur
484 1735 530 1777 in
574 1734 925 1778 Zimmermanni
961 1737 1133 1780 diurnis
1167 1750 1210 1779 a.
1253 1735 1388 1787 1835,
1438 1731 1712 1789 Spengelius
1746 1733 1793 1776 in

117 1804 280 1847 artium
308 1801 637 1858 scriptoribus3
669 1809 910 1857 praeterea
939 1803 1181 1847 adhibendi
1211 1802 1464 1848 orationum
1493 1799 1569 1844 vel
1598 1800 1793 1844 omnium

119 1885 235 1928 quae
254 1868 459 1913 feruntur
475 1867 552 1911 vel
567 1868 844 1925 singularum
862 1871 1062 1915 editores
1077 1869 1290 1924 Wolfius,
1322 1867 1600 1925 StephanuS,
1626 1867 1793 1927 Coray‚

117 1937 416 1987 Benselerus;
456 1935 655 1994 Leloup,
694 1937 940 1996 Spohnius,
976 1938 1206 1993 Bremius3
1253 1944 1299 1982 et
1338 1937 1417 1995 qui
1460 1937 1516 1981 de
1554 1934 1794 1981 Oratorum

119 2007 369 2051 Atticorum
409 2005 622 2061 operibus
652 2004 1009 2065 fragmentisque
1048 2007 1211 2064 optime
1241 2005 1387 2049 meriti
1417 2010 1522 2048 sunt
1551 2003 1795 2062 Sauppius‚

119 2075 352 2128 Baiterus,
382 2072 649 2118 Muellerus.
708 2074 949 2123 Accedunt
987 2075 1077 2119 alia
1106 2074 1243 2119 multa
1264 2072 1488 2131 opuscula
1526 2073 1584 2118 de
1616 2072 1794 2118 Isocra-

120 2144 227 2197 teis,
259 2141 376 2198 quae
408 2155 492 2185 suo
524 2143 735 2200 quodque
763 2140 870 2185 loco
901 2142 1247 2199 perhibebimus.

264 2209 703 2254 Commentationum
724 2217 874 2254 autem
891 2210 1006 2254 duas
1027 2218 1184 2268 partes
1206 2208 1410 2264 fecimus,
1430 2222 1618 2267 quarum
1644 2207 1796 2266 priore

124 2293 241 2337 quae
286 2292 406 2320 nunc
454 2278 605 2333 prodit
642 2276 832 2321 historia
867 2277 1058 2322 scholae
1106 2278 1167 2321 ad
1207 2278 1410 2322 locorum
1458 2286 1797 2334 temporumque

122 2348 325 2392 rationes
357 2345 643 2400 describitur,
674 2354 717 2389 et
744 2345 895 2404 longa*
915 2348 1062 2391 series
1082 2345 1405 2403 discipulorum
1427 2341 1655 2399 lsocrafis,
1686 2344 1797 2388 anii-

125 2428 302 2467 corum,
343 2413 714 2468 adversariorum
752 2421 1018 2458 recensetur
1056 2421 1134 2458 aut
1167 2413 1486 2468 investigatum
1522 2411 1797 2468 posteriore,

126 2495 262 2539 quam
292 2480 383 2524 alio
414 2479 518 2525 loco
548 2480 592 2524 in
632 2479 781 2526 lucem
811 2482 973 2537 edituri
1003 2482 1284 2535 cohibemuS‚
1319 2482 1375 2526 de
1406 2479 1663 2538 praeceptis
1693 2477 1797 2522 rhe-

127 2549 296 2602 toricis,
325 2550 383 2593 de
410 2549 609 2594 docendi
638 2556 683 2593 et
705 2550 903 2594 discendi
923 2550 1255 2595 conditionibus
1286 2550 1330 2594 in
1355 2548 1515 2594 schola
1545 2546 1799 2599 collocatis,

129 2617 187 2660 de
219 2616 382 2662 artium
412 2616 529 2662 libro
561 2617 620 2662 ab
652 2617 853 2664 {socrate
884 2618 1144 2675 conscripto
1176 2617 1338 2676 agitur.

828 2729 1104 2745 NVWWV
