1889 3015
940 35 970 79 5

116 173 287 235 ’Io‘cxoq
321 179 455 228 Phot.⁹
492 178 742 225 Philostrat.‚
783 178 823 216 et
860 176 993 226 ipsius
1038 177 1090 219 ls.
1132 187 1191 219 or.
1221 176 1318 223 xil,
1350 175 1506 215 9-11.
1537 173 1590 222 V,
1621 172 1690 215 81.
1722 184 1787 223 ep.

119 250 237 297 vm,
267 245 342 299 ⁷);
393 248 557 289 accedit
588 247 709 298 quod,
747 247 853 285 teste
884 246 952 285 Ps.
986 245 1210 284 Plutarcho
1240 245 1266 285 l.
1300 255 1336 287 c.
1370 246 1412 282 et
1441 244 1587 282 Photio
1620 242 1661 281 in
1694 242 1789 280 cod·

117 317 218 359 2⁸⁰.
248 327 287 365 p.
317 316 406 356 486
438 317 556 356 illum
593 314 871 360 exscribente,
903 317 945 352 et
966 313 1056 362 ipso
1084 315 1267 352 Isocrate
1297 314 1339 351 in
1361 299 1420 353 or}
1447 312 1543 359 XV,
1578 311 1675 358 161,
1713 311 1788 348 bo-

118 386 186 425 uis
216 386 402 434 paternis
433 386 538 425 hello
568 383 732 422 amissis
769 393 905 421 rerum
947 381 1083 431 inopia
1122 383 1175 421 ad
1207 382 1318 420 illius
1349 381 1461 420 vitae
1491 390 1675 420 normam
1708 378 1785 416 de-

118 454 320 493 scendere
352 456 527 493 coactus
558 453 646 500 est;
682 451 798 489 initio
828 451 956 500 igitur
997 461 1073 499 per
1102 450 1321 487 nonnullos
1351 460 1481 487 annos
1510 449 1584 487 tali
1616 458 1786 486 munere

111 513 301 571 functus,
328 522 611 563 obscuriorem
642 520 762 560 istam
794 520 906 559 vitae
947 519 1145 558 rationem
1184 518 1351 557 tandem
1388 517 1619 556 immutavit
1650 517 1709 555 ita
1740 518 1787 554 ut

117 593 231 629 artes
259 582 487 629 rheto'ticas
525 589 619 626 aliis
655 586 886 626 traditurus
924 589 1108 626 scholam
1141 587 1359 625 oratoriam
1399 587 1574 634 primum
1605 586 1647 623 in
1680 585 1784 623 Chio

116 659 253 698 insuia
284 679 335 685 -
367 658 477 706 quon
515 645 727 699 psjmut.
768 655 855 696 837
892 657 914 694 b
954 659 996 695 et
1066 656 1186 697 Phot.
1228 655 1321 696 cod.
1363 654 1448 693 260
1489 665 1528 703 p.
1560 653 1644 692 486
1686 662 1783 690 nar-

118 723 213 764 rant
242 746 299 754 —
328 726 532 776 aperiret3
563 736 699 774 neque
729 725 856 763 multo
877 728 968 773 post
988 725 1147 773 patriae
1169 723 1378 762 desiderio
1401 725 1629 761 commotus
1650 722 1783 759 Athe-

117 804 195 833 nas
231 794 367 834 redux
403 795 549 835 schola
586 794 735 833 iterum
777 794 1000 832 constituta
1036 792 1297 841 eloquentiae
1328 791 1588 839 disciplinam
1621 789 1784 828 civibus

118 863 209 901 suis
238 864 440 912 praebere
472 864 622 911 coepit.
681 863 787 901 Rem
818 863 881 903 sic
911 873 959 902 se
989 862 1140 900 habere
1174 872 1227 900 ex
1257 862 1320 899 his
1350 860 1606 910 argumentis
1638 857 1782 896 videre

114 930 229 971 licet.

253 1000 463 1039 Isocrates
494 1000 542 1037 ob
573 999 843 1038 Theramenis
863 997 1161 1037 consortionem
1192 999 1415 1047 suspectus
1436 997 1559 1037 XXX
1576 996 1657 1033 illis
1678 995 1780 1032 urbe

116 1055 281 1103 quidem
319 1067 397 1094 non
435 1057 635 1104 expulsus
673 1059 748 1101 est,
787 1057 976 1104 quamvis
1005 1067 1051 1093 re
1082 1055 1277 1092 familiari
1318 1057 1542 1093 mulctatus
1572 1053 1779 1097 videatur,

115 1124 223 1174 quod
262 1124 371 1164 idem
402 1125 560 1173 Lysiae·
592 1124 772 1173 accidit;
812 1124 988 1163 Athenis
1027 1124 1132 1163 enim
1164 1135 1239 1173 per
1269 1134 1425 1173 paucos
1462 1133 1592 1161 annos
1624 1129 1774 1158 versa-

114 1195 203 1232 tum
232 1205 325 1232 eum
357 1194 566 1232 orationes
597 1194 830 1239 iudiciales,
862 1205 969 1242 quae
1000 1205 1111 1232 nunc
1143 1193 1345 1241 feruntur,
1377 1193 1613 1232 ostendunt.
1637 1188 1683 1239 ¹)

250 1261 446 1301 Incidunt
474 1264 613 1300 autern
644 1271 721 1300 eae
751 1264 845 1300 ante
876 1262 1059 1300 scholam
1081 1261 1331 1299 rhetoricam
1359 1261 1627 1310 patefactam,
1657 1268 1779 1307 quam

111 1330 326 1378 Sauppius
356 1331 384 1372 l.
415 1342 450 1371 c.
482 1341 522 1379 p.
554 1330 639 1368 407
669 1341 731 1378 sq.
765 1330 948 1378 proxime
977 1331 1029 1368 ad
1063 1341 1208 1368 verum
1239 1326 1451 1368 accedens
1483 1330 1523 1368 in
1554 1339 1662 1367 anno
1694 1328 1779 1367 393

112 1398 180 1436 vel
218 1399 303 1438 392
342 1400 493 1448 posuit.
555 1398 698 1439 Oratio
738 1399 945 1437 adversus
985 1400 1222 1446 Euthynum
1262 1400 1387 1447 paulo
1424 1400 1519 1448 post
1548 1397 1671 1435 XXX
1701 1407 1778 1435 ex-

111 1468 231 1506 actos
253 1477 361 1505 anno
386 1468 487 1516 403,
508 1467 751 1507 Callimachi
775 1469 990 1506 accusatio
1018 1479 1126 1506 anno
1151 1467 1234 1506 400
1256 1469 1412 1516 scripta
1433 1469 1498 1506 est
1524 1466 1605 1517 (cf.
1624 1464 1776 1505 Pfund.

112 1535 140 1577 l.
173 1545 210 1575 c.
240 1546 281 1585 p.
317 1535 369 1575 1⁷
398 1546 459 1586 sq.
493 1536 561 1575 cui
594 1535 806 1584 Sauppius
837 1534 1109 1586 assentitur];
1148 1535 1356 1574 orationes
1395 1537 1534 1575 autem
1566 1533 1617 1573 de
1658 1533 1777 1582 high,

251 1702 285 1749 ¹)
312 1707 440 1740 Errant
461 1705 557 1742 vitae
577 1706 790 1749 scriptores,
817 1709 876 1751 qui
895 1717 1027 1741 causas
1043 1709 1214 1742 forenses
1239 1709 1273 1741 ei
1292 1717 1446 1751 prorsus
1467 1706 1778 1750 abjudicaverunt.

111 1764 196 1805 ipse
220 1765 316 1796 enim
334 1761 542 1805 Dionysius
560 1762 640 1796 Hal.
659 1771 875 1807 quamquam
892 1766 1008 1805 probe
1027 1766 1108 1802 seit,
1135 1763 1161 1796 A
1168 1766 1342 1806 phareum
1362 1764 1526 1807 (scilicet
1549 1767 1586 1797 in
1611 1765 1777 1796 oratione

110 1820 157 1853 de
187 1820 455 1862 permutatione
493 1821 530 1852 in
561 1818 809 1865 Megacliden)
841 1821 983 1862 patrem
1018 1830 1125 1854 suum
1155 1820 1333 1861 judiciale
1366 1821 1479 1854 ullum
1519 1821 1775 1865 argumentum

110 1879 293 1912 tractasse
324 1885 475 1919 negare.
514 1877 685 1912 idoneum
719 1878 851 1912 testem
887 1876 1178 1921 cephisodorum
1218 1877 1378 1918 adhibet,
1410 1880 1569 1922 scriptas
1610 1886 1697 1912 esse
1729 1879 1776 1910 ab

110 1935 274 1969 Isocrate
306 1936 342 1968 in
367 1935 512 1975 ,iudicia
544 1935 746 1973 orationes,
778 1935 845 1968 sed
877 1944 950 1966 non
984 1936 1117 1967 multas
1158 1935 1221 1977 (de
1245 1936 1457 1977 Isocr.Jud.
1483 1935 1505 1977 S
1532 1939 1576 1970 18
1613 1947 1651 1978 p.
1675 1936 1776 1975 576)-

110 1990 183 2026 Sed
216 1992 416 2036 antiquitus
443 2000 577 2035 magna
596 1979 707 2033 eopia
731 1992 1003 2034 suppositarum
1037 1992 1161 2025 talium
1187 1993 1390 2027 orationum
1416 2004 1439 2027 a
1461 1994 1624 2027 librariis
1650 1992 1775 2025 vendi-

111 2050 188 2081 tata
213 2049 340 2087 t'ertur,
366 2049 459 2092 quod
483 2048 690 2089 Dionysius
716 2048 846 2080 eodem
871 2049 954 2080 loco
980 2050 1077 2083 dicit.
1102 2045 1159 2081 ὅτι
1183 2047 1324 2094 δέσμας
1344 2046 1444 2083 πάνυ
1468 2047 1605 2086 πολλοῖς
1627 2045 1776 2082 δικανι-

108 2105 186 2138 κῶν
207 2102 332 2150 λόγων
352 2101 608 2152 Ἰσοκρατείων
630 2104 900 2152 περιφέρεσθαί
924 2111 1038 2148 φησιν
1052 2100 1126 2137 vind
1147 2106 1225 2138 τῶν
1238 2104 1496 2149 βιβλιοπωλῶν
1518 2102 1775 2151 Ἀριστοτέλης.

109 2164 203 2204 Quin
229 2162 452 2206 Anonymus
477 2159 685 2203 (Zosimus)
710 2163 746 2195 in
771 2161 820 2196 Is.
845 2163 921 2196 vita
945 2172 980 2203 p.
1006 2162 1077 2195 ΧΠ
1100 2164 1297 2198 subditicia
1321 2166 1459 2207 scripta
1484 2163 1573 2198 XXI
1598 2165 1777 2200 numerat„

109 2230 260 2264 quorum
287 2220 489 2262 compluria
513 2220 623 2252 etiam
650 2227 695 2251 ex
711 2218 834 2253 Photii
853 2220 933 2253 cod.
957 2221 1026 2254 260
1042 2221 1217 2265 colligere
1240 2231 1390 2263 posses.
1438 2222 1624 2255 Isocrates
1642 2222 1776 2260 autem,

107 2277 172 2309 ubi
196 2276 241 2309 de
265 2278 421 2319 privatis
446 2277 611 2322 negotiis
636 2277 832 2319 causisque
857 2272 957 2321 (περὶ
979 2278 1055 2309 τῶν
1077 2273 1188 2310 ἰδίων
1211 2276 1465 2321 συμβολαίων)
1492 2287 1535 2312 se
1562 2280 1676 2311 verba
1701 2287 1774 2311 non

104 2334 245 2368 fecisse
280 2333 366 2366 dicit
397 2332 495 2376 (XII,
529 2334 593 2373 11;
625 2332 705 2372 XV,
737 2334 771 2367 3.
801 2334 857 2367 42.
881 2335 962 2368 228.
999 2335 1043 2368 cf.
1066 2333 1166 2376 276),
1211 2335 1280 2367 hoc
1312 2334 1395 2367 inde
1434 2337 1480 2368 ab
1513 2336 1576 2368 illo
1608 2336 1775 2377 tempore

105 2391 240 2423 factum
274 2398 362 2425 esse
393 2390 548 2436 intelligi
578 2390 666 2426 vult.
699 2399 770 2433 quo
798 2391 954 2433 primum
987 2393 1023 2424 in
1056 2401 1153 2425 novo
1180 2391 1333 2424 docendi
1358 2393 1616 2435 scribendique
1640 2399 1775 2435 genere

106 2448 282 2481 versatus
306 2449 417 2480 fuerit
441 2446 507 2488 (cf.
529 2446 609 2481 XV.
635 2448 703 2480 193
726 2445 811 2490 αφ).
844 2457 1044 2482 secernens
1061 2449 1236 2491 judiciale
1268 2458 1386 2493 genus
1411 2451 1618 2483 orationum
1642 2449 1688 2479 ab
1715 2457 1773 2480 co·

106 2504 303 2542 hortativo.
328 2505 629 2542 demonstrativo,
656 2506 693 2537 et
715 2505 865 2547 politico
892 2503 956 2545 (cf.
980 2506 1087 2539 Dion.
1113 2508 1149 2538 in
1167 2506 1246 2548 Jud.
1273 2505 1385 2539 Isocr.
1419 2516 1454 2547 p.
1479 2508 1559 2544 535,
1591 2504 1653 2538 Ps.
1679 2504 1774 2539 Plut.

105 2562 174 2595 83⁷
200 2560 255 2602 b).
310 2561 644 2603 Locupletissimus
667 2563 856 2604 postremo
879 2563 989 2597 testis
1015 2562 1237 2597 Aristoteles
1272 2563 1309 2596 in
1336 2564 1407 2596 Cic.
1435 2564 1535 2596 Brut.
1570 2562 1594 2605 S
1619 2564 1665 2596 48
1688 2571 1772 2595 eva·

104 2618 158 2651 dit
190 2618 411 2660 ,Isocratem
441 2619 561 2661 primo
585 2619 702 2652 artem
727 2620 871 2653 dicendi
896 2630 984 2655 esse
1006 2622 1219 2665 negavisse,
1259 2621 1420 2654 scribere
1445 2623 1567 2655 autem
1600 2621 1685 2654 aliis
1711 2630 1769 2654 so-

101 2674 204 2708 litum
231 2677 428 2713 orationes.
454 2677 587 2720 quibus
612 2678 649 2710 in
666 2677 818 2719 judiciis
844 2679 1038 2718 uterentur,
1074 2680 1141 2713 sed
1168 2688 1248 2711 cum
1273 2686 1318 2711 ex
1344 2689 1387 2713 eo
1412 2702 1422 2712 .
1446 2702 1456 2712 .
1481 2703 1491 2713 .
1517 2704 1526 2715 .
1552 2688 1666 2721 saepe
1690 2681 1772 2721 ipse

101 2731 140 2765 in
164 2732 336 2767 iudicium
361 2735 563 2772 vocaretur.
588 2736 775 2772 orationes
800 2736 884 2771 aliis
910 2736 1101 2771 destitisse
1125 2737 1301 2783 scribere,
1326 2740 1514 2780 totumque
1530 2747 1574 2772 se
1599 2737 1642 2768 ad
1669 2739 1770 2770 artes

103 2791 379 2831 componendas
403 2791 675 2826 transtulisse.“
708 2794 716 2799 ‘
