1889 3015
895 64 954 108 24

86 208 204 246 Dein.
237 207 263 248 l.
292 217 329 246 c.
362 205 459 255 quin
481 205 683 246 Aeschini
704 206 779 256 ΠΙ,
813 206 896 246 138
927 206 1148 247 videbatur
1176 198 1258 256 οὔχ
1286 198 1419 261 ἧττον
1448 204 1767 263 Δημοσθένους

84 271 230 326 λέγειν
259 268 516 326 δυνάμενος
559 268 657 315 ἄλλ’
695 270 844 327 ἔμοιγε
872 276 949 316 καὶ
977 268 1161 330 2565va
1188 285 1433 326 quamquam
1472 279 1552 319 hoc
1589 268 1671 317 non
1700 278 1766 318 sic

87 343 404 392 intelligendum
438 348 514 394 est,
551 355 604 383 ac
632 345 669 383 si
699 345 938 384 Aeschines
977 345 1108 385 solius
1138 345 1434 385 Leodamantis
1476 347 1672 398 imitator,
1710 357 1765 386 no

87 413 222 452 dicam
254 412 503 463 discipulus,
534 413 676 461 fuerit,
708 412 762 453 cf.
794 413 1017 455 Ruhnken.
1050 426 1090 464 p.
1121 412 1283 464 63.¹4)

228 482 322 524 vu.
373 478 663 543 flieronlmush
682 485 835 532 Arcas,
877 483 1188 546 Megalopolim,
1231 484 1370 523 orator
1408 483 1451 521 et
1492 483 1764 536 demagogas.

36 541 63 639 Π
87 551 291 590 Isocratis
317 552 547 601 discipulus
563 562 588 590 a
605 552 845 591 scholiastis
869 553 911 591 in
929 553 1046 595 Dem.
1068 551 1165 594 fals.
1184 553 1267 603 leg.
1285 563 1325 602 p.
1342 552 1426 592 344
1445 552 1639 603 habetur3
1656 542 1770 596 idem

87 620 170 658 iam
203 620 310 658 inter
350 620 479 668 urbis,
521 631 627 670 quae
667 614 861 673 Μεγάλη
898 615 1031 667 πόλις
1075 624 1227 660 vocata
1265 624 1342 670 est,
1380 621 1616 661 conditores
1651 623 1765 672 apud

87 689 272 730 Pausan.
305 689 420 738 Vm,
451 690 520 737 27,
551 691 578 727 2
608 689 687 728 sub
721 689 785 729 01.
821 689 916 738 102,
941 690 967 728 3
992 701 1048 726 =
1070 691 1155 729 370
1184 689 1351 739 legitur,
1384 699 1630 739 quamquam
1652 691 1764 733 Plut.

89 768 127 799 c.
159 756 290 799 Colot.
321 759 378 797 32
407 768 447 806 p.
482 757 593 797 1126
626 758 660 797 G
681 758 896 796 Platonem
926 756 1238 805 Aristonymum
1278 758 1484 806 quendam
1516 758 1766 808 discipulum

88 836 213 866 suum
252 826 305 865 ad
346 827 491 866 urbem
522 827 806 865 exornandam
846 826 1010 866 misisse
1050 828 1206 868 narrat.
1265 826 1350 866 Sed
1389 826 1469 864 iam
1504 826 1765 868 Schaeferus

87 895 207 936 Dem.
248 905 290 935 u.
321 907 357 935 s.
388 896 440 936 Z.
471 896 526 944 11,
565 906 606 944 p.
640 892 748 945 160)
789 894 858 933 hic
888 905 1051 944 quoque
1092 893 1145 933 de
1173 894 1424 942 Hieronymo
1463 894 1682 945 cogitavit,
1721 896 1774 934 et'

90 962 281 1013 equidem
321 964 618 1012 contenderim,
653 964 700 1001 ut
730 964 961 1011 Pythonem
996 963 1060 1002 sic
1101 963 1224 1002 etiam
1254 963 1551 1010 Hieronymum
1577 964 1765 1004 Athenas

90 1031 310 1080 migrasse,
356 1034 402 1069 ut
432 1032 486 1069 ad
526 1033 659 1069 artem
699 1031 919 1069 oratoriam
949 1032 1136 1070 Isocrate
1162 1031 1379 1081 magistro,
1419 1031 1595 1070 Platone
1625 1034 1765 1071 autem

88 1100 196 1139 duce
228 1100 282 1138 ad
312 1099 612 1149 philosophiam
642 1100 941 1140 incumberent.
981 1100 1190 1139 Arcadem
1222 1101 1362 1137 autem
1393 1088 1612 1149 discipline
1643 1100 1763 1140 modo

88 1166 208 1207 finita
235 1178 262 1205 a
292 1168 467 1206 Platone
498 1168 552 1206 ad
585 1168 704 1217 leges
736 1168 832 1205 novi
864 1168 1002 1225 oppidi
1045 1166 1359 1206 constituendas
1391 1168 1563 1215 ,domum
1596 1167 1765 1207 missum

90 1248 199 1277 esse.
258 1235 407 1285 ltaque
438 1236 695 1276 institutione
725 1237 943 1276 Isocratea
982 1237 1060 1276 sub
1101 1235 1223 1275 tinem
1256 1236 1322 1277 01.
1355 1236 1451 1284 100,
1487 1246 1569 1285 qua
1602 1235 1765 1276 Leoda-

90 1309 249 1353 damas,
282 1305 449 1343 fructus
480 1305 621 1345 fuerit.
682 1305 861 1354 Philippi
904 1307 948 1344 et
984 1306 1265 1344 Macedonum
1306 1296 1448 1353 partes
1477 1307 1652 1344 secutus
1681 1303 1763 1356 (cf.

89 1375 341 1423 Theopomp.
379 1384 447 1422 ap.
484 1374 685 1423 Harpocr.
727 1385 762 1414 s.
794 1371 862 1423 v.)
906 1373 1109 1412 Aeschini
1147 1383 1239 1411 cum
1287 1373 1440 1422 legatis
1478 1372 1518 1411 in
1557 1373 1765 1422 Pelopon-

90 1452 236 1481 nesum
283 1452 322 1483 a.
372 1442 457 1480 347
497 1444 593 1491 post
635 1442 861 1491 Olynthum
903 1443 1188 1491 expugnatam
1232 1441 1457 1480 vehemens
1497 1440 1767 1480 adversarius

90 1511 250 1551 exstitit
286 1509 367 1561 (cf.
409 1510 523 1550 Dein.
555 1510 582 1552 l.
627 1509 706 1562 c.].
766 1511 928 1561 Magna
968 1510 1011 1548 vi
1053 1509 1221 1551 dicendi
1251 1509 1482 1558 praeditus,
1523 1510 1665 1558 utpote
1695 1510 1766 1559 qui

90 1582 330 1619 isocrateus
364 1581 467 1627 erat,
497 1580 631 1628 patria
656 1580 822 1618 deserta
852 1579 1076 1628 populares
1105 1588 1204 1619 suos
1231 1577 1285 1616 ad
1317 1578 1543 1626 perniciem
1568 1578 1765 1640 perduxit

0 1687 11 1695 „
45 1641 75 1720 η
90 1642 563 1714 (Puer-nssge-cgronjff
596 1648 681 1686 324
696 1649 721 1704 ἰ
1779 1679 1782 1682 Α

91 1714 93 1716 ’
234 1717 348 1759 vul.
399 1712 650 1769 Diophantus,
682 1717 965 1766 AtheniensiS‚
997 1717 1098 1765 dux,
1128 1716 1169 1755 in
1194 1718 1320 1758 lsocr.
1349 1727 1413 1766 ep.
1447 1714 1601 1764 V111§
1622 1715 1650 1754 8
1682 1726 1765 1755 una

94 1798 186 1826 cum
218 1786 388 1826 Conone
428 1789 471 1824 et
500 1785 712 1825 Timotheo
746 1786 855 1825 inter
886 1796 959 1824 eos
990 1784 1184 1834 refertur,
1226 1785 1296 1837 qui
1323 1782 1527 1822 beneficia
1558 1785 1600 1822 in
1632 1784 1765 1833 Myn-

89 1856 261 1894 lenaeos
293 1855 557 1893 contulerunt
588 1856 628 1892 et
659 1854 858 1893 Isocratis
889 1865 1052 1903 preces,
1083 1854 1119 1892 si
1147 1853 1226 1901 ipsi
1258 1852 1470 1900 adessent,
1502 1851 1766 1894 efficaciores

90 1924 346 1962 auctoritate
376 1933 456 1961 sua
483 1926 524 1960 et
546 1921 778 1961 officiorum
809 1923 1101 1961 coniunctione
1126 1932 1246 1970 quam
1275 1932 1368 1964 cum
1397 1921 1559 1971 Lesbiis
1588 1922 1768 1962 inierant

44 1993 67 2062 ’Ξ
90 1989 1469 2107 {efflssz‘ssf‘itssxs‘⁰0:¹2:ss{³3:3¹¹²3:323‘lizssfflsfflsszssss‘
1448 1990 1767 2098 Smssl'ssmsffi

112 2072 222 2098 amin
276 2072 285 2097 ι
1076 2069 1087 2083 r

92 2129 228 2169 amico
263 2128 331 2167 vel
369 2128 632 2177 praeceptori
670 2138 791 2177 quam
833 2128 1014 2167 maxime
1050 2126 1236 2177 favisse;
1288 2127 1396 2166 idem
1436 2128 1527 2176 post
1565 2127 1767 2167 Timothei

91 2200 265 2237 mortem
303 2207 341 2238 a.
374 2197 473 2248 354,
512 2207 591 2245 quo
621 2199 805 2247 tempore
846 2197 1022 2246 epistola
1052 2196 1209 2244 scripta
1239 2198 1315 2244 est,
1354 2207 1408 2234 ex
1446 2196 1550 2235 Asia
1583 2196 1765 2237 nondum

91 2267 229 2307 redux
260 2269 350 2306 erat
380 2266 433 2317 (l.
466 2276 502 2306 c.
535 2263 575 2305 εἰ
603 2293 613 2305 .
631 2293 642 2305 .
661 2297 671 2308 .
703 2260 966 2320 Διόφαντος
1005 2258 1045 2303 δ’
1078 2256 1186 2318 ἧκεν
1214 2259 1264 2303 ἐκ
1293 2259 1369 2317 τῆς
1396 2255 1600 2313 ’Λσίας);
1640 2267 1764 2315 atque

92 2338 161 2376 hic
199 2336 407 2375 Diodorus
445 2334 603 2373 auxilio
633 2336 855 2383 succurrit,
898 2335 965 2384 qui
996 2334 1075 2373 sub
1116 2333 1181 2374 ΟΙ.
1216 2333 1310 2381 107,
1342 2333 1368 2371 3
1398 2345 1454 2370 =
1483 2334 1568 2373 350
1608 2336 1766 2381 narrat,

237 2483 295 2525 Μ)
322 2484 582 2517 Leodamantis
607 2479 765 2518 oratoris
791 2484 1037 2517 familiaritate
1061 2483 1194 2516 fratres
1220 2480 1423 2514 Sunienses
1449 2465 1762 2524 Hegesander

94 2546 131 2576 et
155 2542 458 2586 Hegesippus
485 2540 542 2574 usi
566 2542 651 2574 sunt
684 2540 837 2583 (Aesch.
862 2543 899 2574 in
925 2541 1015 2573 Tim.
1043 2541 1120 2578 111,
1146 2539 1192 2573 cf.
1217 2537 1339 2571 Schol.
1365 2537 1409 2569 ad
1435 2536 1511 2578 69),
1544 2540 1604 2581 qni
1628 2540 1675 2571 ab
1700 2539 1763 2572 iis-

96 2601 178 2633 dem
216 2610 296 2632 cum
340 2598 404 2630 illo
435 2599 601 2640 partibus
636 2599 815 2632 steterunt
847 2597 972 2642 (Diog.
1006 2597 1046 2631 L.
1077 2594 1143 2634 111,
1173 2597 1218 2629 23
1250 2605 1329 2638 sqq.
1373 2596 1418 2628 cf.
1452 2592 1628 2636 Harpocr.
1660 2604 1695 2628 s.
1729 2604 1764 2629 v.
1840 2590 1843 2594 ’

92 2653 298 2703 Κρωβύλος
329 2656 365 2687 et
396 2649 519 2699 Ἧγησ.
551 2655 635 2687 vide
670 2653 805 2696 Saupp.
839 2655 881 2687 Ο.
915 2656 960 2688 Α.
992 2653 1027 2686 11
1056 2654 1126 2686 257
1159 2649 1233 2696 sq.)
1285 2651 1592 2686 Consuetudinem
1627 2659 1766 2690 eorum.

94 2724 202 2760 quam
229 2713 437 2747 Aeschines
463 2713 678 2745 amatoriam
705 2712 741 2745 et
765 2713 985 2755 impudicam
1011 2711 1163 2750 notavit.
1195 2709 1363 2753 equidem
1388 2709 1509 2753 magis
1535 2708 1583 2740 ob
1609 2708 1763 2743 oratori·

93 2783 153 2805 am
178 2770 443 2805 institutionem
470 2772 673 2813 quaesitam
699 2771 816 2804 fuisse
842 2770 1070 2804 crediderim.
1120 2766 1275 2809 (Aesch.
1301 2766 1328 2801 1.
1352 2766 1398 2801 00
1423 2774 1479 2807 sq.
1506 2765 1551 2798 ef.
1576 2763 1764 2805 Schaefer.

95 2830 200 2862 nem.
226 2830 293 2861 etc.
318 2825 363 2866 11,
388 2828 457 2860 3Ῑο
482 2827 567 2869 sq.).
