1889 3015
844 51 1044 115 ...ἑὲ-

115 204 287 242 uxorem
324 191 461 242 duxit,
490 193 697 238 Isocrates
733 205 819 233 rem
856 203 951 233 cum
982 192 1266 233 meretricibus
1303 190 1501 231 hahuisse
1541 201 1567 230 a
1606 191 1776 231 comicis

117 260 423 316 perstringitur.
507 263 672 312 Quibus
723 265 860 302 autem
900 262 1152 313 temporibus
1187 271 1438 312 unaquaque
1477 259 1633 301 femina
1674 270 1777 300 usus

117 334 266 380 fuerit,
303 332 366 370 sie
404 319 625 373 coniicere¹
647 331 770 372 licet:
811 333 1049 382 Aphareum
1085 343 1139 370 ex
1177 331 1249 372 Ps.
1278 331 1388 371 Plut.
1424 328 1510 369 839
1541 328 1590 371 0.
1622 329 1659 368 I)
1689 329 1777 368 sci-

117 415 208 449 mus
247 399 411 441 fabulas
452 392 644 441 docuisse
693 401 751 440 abv
786 401 852 444 01.
901 402 1004 451 102,
1043 399 1254 449 4-109,
1291 400 1318 438 3
1358 396 1657 450 (aco—341)
1695 396 1776 450 (ad

119 482 238 522 quem
268 471 475 512 calculum
504 469 663 510 Suidae
693 481 807 510 error
837 469 1094 520 olympiadis
1121 468 1241 508 XCV
1269 480 1327 502 =
1355 455 1424 515 ’,ε’
1453 468 1495 507 in
1527 467 1592 508 ΟΙ.
1624 467 1701 507 GV
1721 479 1778 503 =

119 533 193 594 ρε’
232 527 526 582 emendandus·
555 541 632 587 est,
674 537 730 579 cr.
764 540 890 589 paulo
921 536 1070 589 infra).
1129 538 1366 587 Antequam
1396 538 1535 575 autem
1565 538 1776 576 certamen

118 594 429 662 tragoediarum
466 606 570 655 iniit,
609 605 854 647 institutioni
895 607 1097 647 oratoriae
1134 609 1250 657 patre
1286 606 1397 646 duce
1426 604 1670 646 interfuisse
1697 616 1778 656 pu-

117 664 271 724 tandus
295 678 377 726 vest,
400 677 544 725 utpote
569 674 638 724 qui
663 678 705 715 et
735 676 823 726 ipse
859 676 1065 717 orationes
1094 676 1314 715 nonnullas
1338 673 1613 723 composuerit
1646 673 1778 725 (teste

116 747 227 787 mut.
250 744 352 794 ,838
382 743 416 784 C
445 746 488 784 et
514 744 661 795 Suida,
697 745 765 794 qui
803 745 1008 785 rhetorem
1046 755 1140 784 eum
1169 741 1390 794 appellat),
1431 745 1473 782 et
1512 742 1583 791 qui
1618 737 1776 792 patrem

118 815 160 856 in
182 814 250 854 ius
275 813 322 853 oh
339 813 621 862 trierarchiam
644 816 836 854 vocatum
860 813 1042 853 oratione
1063 815 1207 853 contra
1231 811 1511 864 Megaclidem
1531 809 1778 853 defenderit.

117 882 426 929 Matrimonium
454 882 584 934 igitur
612 883 841 922 Plathanae
871 884 986 923 circa
1016 883 1081 925 01.
1113 883 1196 922 100
1225 881 1443 931 inceperit,
1471 882 1658 920 Isocrate
1689 880 1777 920 fere

116 953 209 993 Lx
221 957 424 991 annorum
453 962 570 994 sene.
618 952 732 991 Ante
760 952 834 992 hos
862 952 1021 1002 aliquot
1048 962 1181 991 annos
1210 950 1392 1001 Lagisca
1420 951 1640 990 meretrice
1671 960 1777 988 usus

118 1010 212 1069 ruit,
249 1021 357 1060 teste
393 1019 615 1070 Hermippo
656 1019 697 1058 in
736 1019 839 1059 libro
878 1020 929 1060 de
960 1020 1145 1060 Isocrate
1176 1020 1330 1070 scripto
1359 1017 1451 1070 (ap.
1481 1020 1633 1061 Athen.
1662 1018 1780 1067 XIII,

118 1088 205 1130 502
243 1087 300 1126 D:
358 1082 671 1143 προβαίνοντά
706 1096 817 1142 φησι
850 1070 903 1147 τῇ
938 1081 1086 1143 ἡλικίᾳ
1125 1082 1207 1128 τὸν
1233 1080 1493 1142 Ἰσοκράτην
1527 1081 1780 1140 αναλαβετν

116 1154 356 1210 Λαγίσκαν
383 1150 466 1212 τὴν
494 1150 680 1213 ἑταίραν
716 1155 778 1204 εἰς
815 1150 899 1212 τὴν
935 1154 1095 1198 οἰκίαν.
1155 1158 1189 1197 L
1227 1167 1429 1196 annorum
1468 1155 1603 1195 virum
1639 1157 1780 1196 autem

119 1227 277 1267 dixeris
307 1247 361 1255 —
392 1227 534 1276 opinor
563 1248 619 1255 —
658 1229 796 1266 aetate
834 1228 1149 1277 provectiorem.
1207 1227 1288 1266 Hic
1330 1226 1523 1276 congruit
1561 1226 1780 1265 Clintonus

118 1296 161 1340 in
192 1296 289 1338 fast.
319 1296 418 1339 hell.
448 1296 516 1346 qui
547 1296 759 1335 Strattidis
786 1297 932 1336 comici
956 1296 1245 1336 cavillationes
1274 1294 1456 1346 [Zosim.
1477 1306 1518 1345 p.
1539 1295 1594 1345 X,
1625 1295 1779 1336 Athen.

119 1365 148 1408 l.
180 1375 217 1407 c.
269 1366 469 1415 Harpocr.
508 1375 549 1407 v.
587 1363 792 1416 Lagisca)
832 1376 911 1405 non
952 1368 1050 1404 ante
1091 1365 1155 1407 01.
1193 1365 1248 1404 99
1289 1364 1469 1414 scriptas
1509 1376 1606 1404 esse
1637 1368 1782 1404 censet

120 1433 201 1484 (cf.
232 1434 286 1472 ad
315 1443 410 1474 ann.
442 1431 568 1483 394).
614 1435 753 1482 Quare
781 1434 859 1473 suh
888 1434 997 1473 idem
1026 1437 1188 1484 tempus
1219 1432 1309 1484 (01.
1340 1431 1420 1484 99)
1452 1433 1629 1472 amicam
1660 1433 1780 1473 istam

119 1503 163 1540 in
187 1501 429 1541 connubium
462 1503 681 1551 receperit,
715 1514 768 1541 ex
791 1514 871 1551 qua
890 1502 1054 1542 filiolam
1079 1503 1268 1551 habebat,
1294 1512 1413 1551 quam
1438 1502 1521 1541 XII
1546 1513 1677 1541 annos
1699 1513 1776 1540 na—

119 1572 201 1610 tam
238 1571 367 1609 morte
401 1572 583 1620 ereptam
622 1570 750 1609 doluit
786 1569 919 1622 (Plut.
950 1571 1034 1611 839
1065 1572 1112 1613 Β.
1149 1572 1303 1612 Athen.
1343 1571 1371 1613 l.
1409 1567 1490 1621 c.).
1557 1570 1778 1620 Lagiscam

120 1641 195 1679 aut
223 1640 351 1678 morte
381 1639 531 1689 amisit,
570 1639 675 1688 quod
719 1640 975 1690 crediderim,
1016 1642 1090 1679 aut
1118 1650 1144 1678 a
1181 1651 1228 1680 se
1260 1639 1426 1689 dimisit,
1463 1640 1781 1690 Pathanenque‚

119 1709 168 1747 ut
196 1707 347 1747 liberos
376 1710 629 1757 procrearet,
660 1708 794 1750 duxit.
861 1710 996 1749 Prolis
1025 1711 1162 1748 autern
1192 1720 1267 1758 spe
1297 1709 1488 1748 deiectus
1526 1706 1655 1747 filium
1694 1709 1780 1757 pri·

119 1777 290 1826 viguum
327 1779 426 1815 natu
465 1776 669 1816 minimum
716 1789 791 1827 per
829 1778 1091 1829 adoptionem
1129 1788 1248 1817 suum
1294 1775 1408 1819 fecit.
1478 1778 1703 1827 Aphareus
1739 1780 1782 1816 et

121 1847 258 1885 orator
292 1845 521 1886 tolerabilis
559 1848 601 1886 et
636 1848 759 1897 poeta
787 1858 868 1887 non
895 1849 1020 1898 plane
1051 1848 1250 1887 obscurus
1286 1846 1379 1888 fuit.
1439 1847 1606 1886 Patrem
1638 1849 1782 1886 contra

120 1914 374 1966 Megaclidis
404 1915 744 1964 permutationem
775 1917 948 1956 oblatam
974 1916 1202 1957 defendens
1232 1917 1420 1967 superior
1445 1916 1600 1955 iudicio
1632 1927 1781 1955 exces-

120 1985 176 2023 sit
206 1982 355 2035 (Dion.-
381 1983 434 2032 V,
463 1994 501 2033 p.
532 1985 630 2026 667.
663 1985 718 2026 cf.
749 1985 847 2027 576.
879 1986 987 2028 Plut.
1018 1986 1103 2026 839
1134 1984 1208 2037 C).
1276 1987 1463 2025 Alteram
1495 1985 1781 2024 trierarchiam

123 2053 188 2096 01.
225 2053 303 2093 106
334 2063 406 2102 pro
437 2054 555 2101 patre
584 2053 658 2092 rite
691 2056 733 2093 et
762 2054 992 2104 sumptibus
1022 2054 1210 2094 maximis
1241 2053 1394 2106 (Isocr.
1426 2055 1520 2102 XV,
1550 2051 1602 2104 5)
1644 2054 1779 2093 admi-

104 2121 330 2170 *nistravit,
371 2122 492 2161 cuius
517 2124 710 2162 muneris
748 2124 1046 2162 Demosthenes
1082 2123 1124 2162 in
1154 2135 1213 2164 or.
1254 2121 1359 2174 (4⁷)
1391 2125 1534 2162 contra
1564 2123 1781 2174 Euergum

122 2194 164 2232 et
194 2190 368 2231 Mnesib.
409 2189 439 2239 S
477 2192 526 2231 31
562 2202 601 2241 p.
644 2191 756 2231 1148
787 2192 1029 2233 mentionem
1060 2191 1173 2244 fecit,
1203 2203 1307 2242 quae
1346 2192 1475 2232 oratio
1505 2194 1599 2243 post
1628 2203 1779 2232 annum

121 2262 205 2301 356
237 2261 375 2299 habita
405 2262 482 2302 est.

261 2328 434 2377 Quando
464 2326 646 2369 floruerit
673 2333 812 2381 poeta,
838 2331 908 2373 Ps.
939 2331 1188 2372 Plutarchus
1224 2343 1265 2382 p.
1293 2331 1378 2373 839
1409 2333 1445 2372 D
1476 2331 1601 2372 certis
1630 2330 1782 2371 finibus

121 2399 187 2439 sic
215 2396 451 2448 descripsit,
480 2399 696 2448 postquam
728 2400 820 2439 elus
851 2400 1059 2440 orationes
1089 2400 1279 2440 forenses
1310 2403 1352 2441 et
1378 2400 1591 2442 suasorias
1621 2412 1781 2451 paucas

122 2532 162 2570 3ae
182 2531 391 2575 Πλαθάνης
421 2535 483 2577 τῆς
504 2530 605 2568 ειἸπνι
590 2545 650 2569 ιον
680 2535 749 2570 τοῦ·
778 2531 931 2584 ῥήτορος
965 2536 1034 2579 (sc.
1058 2535 1263 2584 θυγατρός)
1298 2540 1334 2572 et
1369 2549 1402 2581 p.
1435 2539 1504 2573 839
1540 2538 1567 2570 Β
1594 2537 1780 2573 Isocrates

122 2589 327 2634 Πλαθάνην
354 2588 423 2633 την
442 2587 589 2626 Ἱππίου
613 2594 681 2627 τοῦ
712 2589 865 2641 ῥήτορος
894 2603 1006 2640 γ-ιυνα
993 2594 1054 2627 ῖκα
1087 2591 1254 2642 ἠγάγετο,
1289 2598 1352 2629 ubi
1383 2607 1403 2630 e
1436 2597 1561 2641 graeci
1594 2598 1781 2631 sermonis

124 2643 386 2685 cousuetudine
411 2651 572 2694 γυναῖκα
604 2652 692 2684 illud
724 2653 769 2684 ad
803 2647 959 2697 η’γιίγετο
991 2663 1062 2686 non
1096 2654 1141 2685 ad
1176 2649 1329 2700 ῥήτορος
1360 2654 1557 2699 ιιᾶᾸιιὲθιιᾱι
1557 2664 1604 2685 um
1640 2656 1707 2692 est,
1744 2654 1781 2684 ut

121 2705 220 2739 idem
252 2709 303 2741 sit
333 2717 376 2741 ac
409 2716 579 2747 ,uxorem
612 2708 733 2742 duxit¹‘
736 2732 745 2741 .
792 2709 845 2741 Ex
874 2711 984 2743 simili
1017 2712 1107 2743 fonti
1096 2720 1169 2743 ιιιιιι
1202 2720 1338 2755 genere
1369 2713 1515 2752 praeter
1546 2711 1778 2745 Plutarchum

122 2762 233 2796 etiam
257 2763 429 2799 Zosimus
454 2766 564 2799 vitam
590 2766 767 2800 Isocratis
791 2768 924 2806 hausit,
957 2769 1018 2811 qui
1043 2778 1076 2809 p.
1106 2766 1184 2802 VIII
1208 2769 1316 2803 Dind.
1350 2778 1427 2802 rem
1453 2770 1640 2811 copiosius
1668 2776 1779 2808 expo-

122 2819 207 2862 suit,
230 2821 387 2865 γυναῖκα
412 2819 449 2857 δ’
472 2819 627 2870 η’γάγετο
642 2818 849 2867 Πλαθάνην
872 2822 967 2869 τινά,
990 2822 1136 2860 Ἱππίου
1152 2828 1221 2862 τοῦ·
1243 2822 1397 2873 ῥήτορος
1420 2821 1744 2896 οἶπζγεννὼμὲνην.
