1889 3015
911 10 968 54 10

105 160 228 201 quam
246 149 384 201 priore
403 149 474 189 illo
489 148 597 198 quod
616 149 887 199 exposuimus
903 152 1028 191 XVII
1043 150 1142 192 anni
1160 151 1334 192 scholae
1351 151 1637 202 comprehensi
1658 156 1770 203 sunt,

98 220 151 259 ab
183 219 249 261 01.
280 220 350 268 96,
380 221 408 259 2
437 230 572 269 usque
601 218 656 257 ad
689 220 754 262 01.
789 220 885 270 100,
916 222 965 271 3;
996 221 1169 261 alteram
1193 221 1335 260 autem
1356 223 1586 272 temporum
1612 223 1772 273 partem

99 289 199 329 inde
228 288 281 327 ab
313 288 379 331 01.
414 289 510 339 101,
545 289 564 329 1
599 288 654 328 ad
686 289 752 331 Ol.
786 290 881 337 107,
916 290 934 330 1
977 301 1109 331 annos
1138 289 1296 330 XXIV„
1320 290 1598 331 continentem
1637 291 1772 332 dedu-

91 358 236 409 ·xerim
269 358 340 397 vel
369 357 422 396 ad
454 357 579 398 ludos
611 357 810 397 funebres
838 359 1019 398 Mausoli
1052 360 1165 409 regis
1199 358 1365 400 Cariae.
1410 359 1514 399 Eam
1544 361 1669 400 tertia
1698 371 1772 401 ae·

98 427 199 467 tatis
229 437 328 477 pars
359 428 545 477 excipiat
585 438 693 477 quae
723 438 857 468 anuos
886 428 991 467 XIV
1028 428 1312 477 complectitur
1344 419 1398 466 aii
1426 428 1493 468 01.
1527 429 1622 478 107,
1652 432 1680 469 2
1717 430 1772 468 ad

101 495 168 537 01.
204 496 301 545 110,
332 498 360 536 3
392 497 462 535 vel
491 496 545 534 ad
577 498 746 535 mortem
778 497 977 535 Isocratis
1006 507 1046 537 a.
1067 497 1167 538 338.
1213 498 1260 535 In
1289 497 1468 546 spatium
1496 499 1637 536 autern
1668 499 1773 537 duo-

98 574 191 603 rum
223 574 439 610 annorum,
478 565 586 614 quod
617 565 726 604 inter
754 565 933 614 priorem
964 566 1007 604 et
1035 566 1209 605 alteram
1239 566 1410 605 scholae
1438 567 1615 604 aetatem
1644 566 1774 605 inter-

89 633 254 681 jectum
286 635 350 673 est
381 632 471 684 (01.
508 633 605 682 100,
637 634 841 683 4-101,
873 635 911 683 1,
941 645 998 671 =
1027 635 1300 684 377-376)
1332 634 1539 684 expeditio
1570 635 1772 674 Timothei

97 702 259 751 incidit,
301 713 380 751 quo
420 703 463 741 in
502 703 652 742 itinere
689 705 900 743 Isocrates
939 702 1133 752 discipuli
1174 705 1214 741 et
1250 704 1434 742 recentis
1473 704 1595 743 amici
1635 714 1774 744 comes

97 769 239 810 factus
271 772 423 810 multas
453 772 580 813 urbes
611 772 711 812 visit
742 772 1022 821 epistolasque
1060 772 1110 810 ab
1142 771 1213 810 illo
1252 771 1304 810 ad
1335 771 1653 812 Atheniensium
1684 785 1774 813 ma-

96 840 302 890 gistratus
333 841 386 878 de
427 841 551 882 novis
588 841 830 880 foederibus
860 852 955 880 cum
986 841 1199 880 maritimis
1229 840 1472 881 civitatibus
1511 841 1625 881 initis
1653 841 1773 883 datas

97 909 349 959 conscripsit
370 907 419 959 4)
462 908 558 961 (ΡΒ.
598 910 711 953 Plut.
751 921 791 960 p.
835 910 920 949 837
960 920 985 949 c
1020 910 1102 950 huc
1139 911 1305 960 spectat
1340 909 1447 958 quod
1488 920 1554 959 ap.
1594 911 1773 951 eundem

96 978 206 1017 Plut.
237 988 277 1027 p.
308 977 394 1017 837
425 979 448 1017 b
487 979 542 1018 de
569 979 773 1020 institutis
810 978 1006 1018 Chiorum
1038 978 1351 1028 magistratibus
1381 976 1570 1028 dicitur).
1629 980 1773 1029 Expe-

98 1046 199 1086 ditio
241 1047 315 1086 illa
352 1048 404 1086 ad
449 1059 654 1090 summum
694 1048 799 1088 duos
836 1059 968 1087 annos
999 1048 1237 1097 complevit,
1269 1047 1366 1097 quia
1396 1047 1636 1087 Timotheus
1665 1059 1773 1087 anno

97 1116 183 1155 375
216 1117 545 1166 Peloponnesum
578 1118 897 1158 circumvehens
927 1117 1034 1156 alias
1064 1116 1146 1155 iam
1176 1127 1246 1156 res
1275 1128 1480 1166 gessurus
1520 1121 1692 1166 apparet
1721 1130 1776 1158 ex

95 1186 288 1235 Xenoph.
326 1185 423 1225 hell.
456 1186 509 1233 V,
539 1185 581 1235 4,
611 1187 667 1225 63
697 1196 784 1235 sqq.
827 1185 994 1226 Diodor.
1025 1185 1119 1234 XV,
1150 1186 1205 1224 36
1235 1195 1324 1234 sqq.
1366 1184 1421 1226 cf.
1463 1184 1628 1227 Cornel.
1668 1186 1774 1235 Nep.

97 1255 202 1295 Tim.
229 1255 270 1295 2.
302 1255 430 1295 isocr.
454 1253 550 1301 XV,
582 1254 822 1293 107—113.
853 1254 1073 1292 Talentum
1101 1254 1239 1292 autem
1267 1253 1374 1302 quod
1402 1253 1551 1292 donum
1575 1255 1627 1292 ab
1653 1255 1775 1293 amici

97 1324 219 1373 grato
261 1321 397 1362 animo
440 1322 587 1362 tulisse
627 1323 840 1362 Isocrates
880 1322 1013 1362 fertur
1043 1320 1139 1373 (Pe.
1171 1322 1281 1364 Plut.
1313 1322 1341 1364 l.
1373 1319 1436 1373 c.)
1477 1325 1571 1371 post
1604 1324 1775 1363 Samum

99 1393 385 1441 expugnatam
428 1401 468 1431 8.
512 1391 596 1430 365
637 1391 783 1441 (Diod.
814 1392 971 1440 XVIII,
1004 1391 1070 1431 18.
1103 1390 1158 1431 cf.
1190 1392 1305 1432 Dem.
1344 1401 1384 1439 p.
1424 1392 1507 1430 192
1543 1401 1607 1440 sq.
1645 1393 1774 1434 Isocr.

98 1460 195 1508 XV,
232 1460 326 1500 111.
369 1459 477 1508 Nep.
510 1459 613 1500 Tim.
648 1457 697 1509 1)
737 1460 903 1509 accepit
941 1471 996 1498 ex
1036 1459 1195 1508 praeda
1224 1460 1580 1509 captaejusulae.
1645 1461 1775 1499 Aliud

102 1529 224 1567 etiam
256 1528 538 1567 testimonium
568 1528 730 1568 itineris
761 1528 853 1567 eius
885 1529 1037 1575 exstat,
1077 1528 1187 1578 quod
1229 1528 1473 1576 conjicimus
1512 1540 1567 1566 ex
1596 1528 1776 1567 familia-

99 1596 237 1644 ritate,
278 1607 402 1645 quam
442 1597 598 1636 Noster
634 1597 847 1635 Timotheo
897 1599 1071 1635 auctore
1110 1607 1204 1635 cum
1246 1596 1567 1636 Salaminiorum
1606 1597 1775 1646 regibus

102 1665 263 1705 habuit.
324 1664 466 1703 Conon
510 1665 616 1703 enim
647 1676 687 1706 a.
719 1665 805 1703 405
848 1664 1029 1713 Cyprum
1067 1666 1120 1703 ad
1152 1667 1388 1714 Evagoram
1421 1664 1646 1713 principem
1675 1675 1776 1703 con-

101 1732 226 1783 fugit,
266 1733 335 1771 ubi
378 1734 525 1782 postea
568 1744 730 1783 quoque
773 1743 868 1772 cum
898 1733 1110 1773 Timotheo
1148 1732 1232 1772 filio
1272 1734 1312 1771 in
1343 1732 1576 1772 latifundiis
1605 1734 1777 1783 saepius

104 1806 383 1841 commoratus
416 1804 480 1840 est
522 1800 604 1853 (cf.
637 1804 765 1843 lsocr.
796 1802 870 1851 IV,
904 1802 1006 1851 154;
1038 1803 1092 1853 V,
1126 1805 1203 1851 62;
1238 1802 1310 1850 ΙΧ,
1339 1801 1396 1840 52
1425 1812 1513 1851 sqq.
1545 1801 1600 1844 of.
1626 1803 1775 1850 Lysiae

102 1881 160 1910 or.
193 1870 309 1918 XIX,
341 1871 396 1909 36
427 1882 514 1920 sqq.
546 1869 643 1921 40).
702 1872 829 1910 Patre
860 1873 1018 1910 mortuo
1049 1881 1087 1913 a.
1119 1872 1200 1910 391
1235 1869 1345 1909 filius
1374 1881 1424 1910 se
1454 1871 1643 1910 Athenas
1675 1881 1776 1911 con-

104 1940 200 1977 tulit
238 1950 320 1977 non
361 1939 526 1988 quidem
565 1940 616 1978 ad
658 1942 792 1989 ipsam
830 1940 1029 1979 Isocratis
1073 1939 1347 1988 disciplinam,
1383 1939 1459 1978 sed
1497 1940 1545 1977 ut
1583 1939 1772 1988 privatus

104 2009 239 2055 homo,
272 2008 379 2056 quod
411 2008 608 2058 colligere
639 2019 862 2058 possumus
893 2020 949 2048 ex
981 2010 1096 2048 Dem.
1127 2018 1168 2057 p.
1202 2007 1334 2056 14153
1375 2007 1524 2046 melius
1554 2010 1693 2047 autem
1725 2009 1778 2047 de

106 2077 249 2115 schola
280 2078 495 2115 Isocratea
525 2077 603 2116 sub
636 2078 700 2118 Ol.
733 2078 801 2126 99,
836 2079 854 2116 1
890 2089 946 2113 =
976 2077 1061 2116 384
1093 2077 1358 2126 cogitandum
1391 2078 1468 2117 est.
1529 2079 1574 2115 ln
1605 2078 1778 2127 expedi-

105 2146 215 2183 tione
249 2155 356 2193 quae
388 2156 428 2187 a.
459 2147 544 2183 377
573 2146 662 2186 init.
695 2146 810 2184 facta
842 2148 906 2184 est
931 2146 1178 2183 crediderim
1207 2145 1304 2183 illos
1334 2145 1458 2183 etiam
1488 2145 1671 2193 Cyprum
1702 2157 1779 2184 ve-

104 2216 220 2253 nisse
251 2235 308 2241 —-
345 2224 592 2264 quamquam
629 2214 744 2252 nulla
784 2214 875 2253 eius
911 2214 972 2253 rei
1016 2214 1165 2253 mentio
1205 2211 1264 2252 fit.
1289 2234 1345 2242 —
1384 2214 1426 2253 et
1466 2213 1692 2254 liberaliter
1727 2214 1779 2258 ab

105 2285 306 2333 Evagon-a
336 2283 512 2332 ejusque
543 2281 627 2326 filio
650 2284 825 2322 Nicocle
858 2296 952 2322 esse
985 2286 1202 2332 receptos3
1233 2293 1326 2320 nam
1357 2284 1454 2320 ante
1484 2283 1596 2321 hunc
1625 2294 1779 2322 annum

106 2353 222 2392 nulla
253 2351 515 2391 familiaritas
546 2353 747 2392 Isocratis
779 2337 873 2393 cum
897 2353 1070 2404 regibus
1091 2352 1172 2392 illis
1198 2353 1551 2401 commemoratur,
1582 2352 1781 2404 Evagora

107 2424 247 2462 autem
278 2424 438 2461 mortuo
477 2419 608 2472 (anno
640 2423 740 2472 374,
780 2423 900 2464 Diod.
931 2423 1027 2471 XV,
1057 2419 1139 2472 47)
1181 2421 1311 2461 oratio
1349 2422 1563 2460 lsocratea
1591 2421 1671 2471 „ad
1702 2422 1781 2461 Ni·-

109 2490 297 2530 coclem‘⁴
326 2491 505 2531 amicum
536 2491 667 2540 prima
691 2492 851 2542 scripta
882 2494 960 2540 est,
991 2491 1123 2529 altera
1153 2490 1380 2539 „Nicocles
1401 2491 1492 2529 sive
1514 2490 1687 2540 cyprii“
1716 2490 1781 2528 in-

253 2604 290 2646 4)
317 2615 408 2648 quae
441 2606 567 2637 literae
601 2616 622 2637 a
649 2605 856 2647 Speusippo
882 2607 917 2639 in
945 2605 1103 2647 epistola
1129 2603 1318 2637 Socratica
1341 2604 1449 2638 XXX
1481 2604 1576 2645 apud
1603 2603 1780 2636 Orellium

108 2673 144 2706 p.
160 2662 207 2695 39
223 2663 371 2704 probris
393 2662 525 2704 plenae
547 2664 631 2695 etin
648 2663 855 2705 Philippum
873 2661 1113 2695 Macedonem
1129 2669 1331 2696 conversae
1344 2660 1541 2695 vocantur:
1561 2655 1782 2707 Ἰσοκράτης,

110 2716 239 2762 ἐπειδή
264 2719 346 2756 νέος
369 2715 442 2764 μὲν
466 2714 521 2752 ὢν
544 2719 592 2757 εἷς
623 2718 689 2753 τόν
721 2717 847 2766 δῆμον
870 2717 964 2765 μετά
993 2719 1181 2764 Τιμοθέου
1210 2718 1296 2753 καθ’
1328 2714 1441 2763 ὖμῶν
1473 2717 1547 2760 (sc.
1573 2714 1781 2760 Φιλίππου)

109 2773 302 2814 ἐπιστολάς
328 2775 490 2823 αἰσχράς
515 2774 690 2822 ἔγραψεν.
1593 2787 1596 2789 ’

1826 2961 1828 2963 ,
1883 2965 1887 2967 ⁴
