<?xml version="1.0" encoding="UTF-8"?>
<!DOCTYPE html PUBLIC "-//W3C//DTD XHTML 1.0 Transitional//EN"
    "http://www.w3.org/TR/xhtml1/DTD/xhtml1-transitional.dtd">
<html xmlns="http://www.w3.org/1999/xhtml" xml:lang="en" lang="en">
 <head>
  <title>
</title>
<meta http-equiv="Content-Type" content="text/html;charset=utf-8" />
  <meta name='ocr-system' content='tesseract 3.04.00' />
  <meta name='ocr-capabilities' content='ocr_page ocr_carea ocr_par ocr_line ocrx_word'/>
</head>
<body>
  <div class='ocr_page' id='page_1' title='image "4737169_0068.png"; bbox 0 0 1889 3015; ppageno 0'>
   <div class='ocr_carea' id='block_1_1' title="bbox 905 82 962 128">
    <p class='ocr_par' dir='ltr' id='par_1_1' title="bbox 905 82 962 128">
     <span class='ocr_line' id='line_1_1' title="bbox 905 82 962 128; baseline -0.018 0"><span class='ocrx_word' id='word_1_1' title='bbox 905 82 962 128; x_wconf 80' lang='lat'><strong>57</strong></span> 
     </span>
    </p>
   </div>
   <div class='ocr_carea' id='block_1_2' title="bbox 830 141 1037 149">
    <p class='ocr_par' dir='ltr' id='par_1_2' title="bbox 830 141 1037 149">
     <span class='ocr_line' id='line_1_2' title="bbox 830 141 1037 149; baseline 0 2866"><span class='ocrx_word' id='word_1_2' title='bbox 830 141 1037 149; x_wconf 95' lang='lat' dir='ltr'><strong> </strong></span> 
     </span>
    </p>
   </div>
   <div class='ocr_carea' id='block_1_3' title="bbox 95 222 1781 2901">
    <p class='ocr_par' dir='ltr' id='par_1_3' title="bbox 107 222 1771 1250">
     <span class='ocr_line' id='line_1_3' title="bbox 112 222 1764 275; baseline -0.002 -7"><span class='ocrx_word' id='word_1_3' title='bbox 112 222 195 269; x_wconf 68' lang='lat' dir='ltr'><strong>min</strong></span> <span class='ocrx_word' id='word_1_4' title='bbox 214 223 318 268; x_wconf 51' lang='lat' dir='ltr'><strong>bum</strong></span> <span class='ocrx_word' id='word_1_5' title='bbox 347 224 517 266; x_wconf 61' lang='lat' dir='ltr'><strong>‘outone</strong></span> <span class='ocrx_word' id='word_1_6' title='bbox 545 224 705 266; x_wconf 66' lang='lat' dir='ltr'><strong>sumnia</strong></span> <span class='ocrx_word' id='word_1_7' title='bbox 726 225 888 266; x_wconf 63' lang='lat' dir='ltr'><strong>‘merita</strong></span> <span class='ocrx_word' id='word_1_8' title='bbox 918 225 972 264; x_wconf 83' lang='lat' dir='ltr'><strong>de</strong></span> <span class='ocrx_word' id='word_1_9' title='bbox 1011 224 1224 275; x_wconf 78' lang='lat' dir='ltr'><strong>republica</strong></span> <span class='ocrx_word' id='word_1_10' title='bbox 1252 223 1570 265; x_wconf 76' lang='lat' dir='ltr'>Atheniensium</span> <span class='ocrx_word' id='word_1_11' title='bbox 1603 229 1764 264; x_wconf 76' lang='lat' dir='ltr'><strong>merue-</strong></span> 
     </span>
     <span class='ocr_line' id='line_1_4' title="bbox 110 284 1764 347; baseline -0.002 -9"><span class='ocrx_word' id='word_1_12' title='bbox 110 301 189 346; x_wconf 62' lang='grc' dir='ltr'><strong>ταῖς</strong></span> <span class='ocrx_word' id='word_1_13' title='bbox 222 290 278 336; x_wconf 71' lang='lat' dir='ltr'><strong>‘ob‘</strong></span> <span class='ocrx_word' id='word_1_14' title='bbox 309 301 413 345; x_wconf 77' lang='lat' dir='ltr'><strong>quae</strong></span> <span class='ocrx_word' id='word_1_15' title='bbox 444 305 470 334; x_wconf 84' lang='lat' dir='ltr'><strong>a</strong></span> <span class='ocrx_word' id='word_1_16' title='bbox 496 296 633 347; x_wconf 71' lang='lat' dir='ltr'><strong>gratis</strong></span> <span class='ocrx_word' id='word_1_17' title='bbox 656 284 834 334; x_wconf 76' lang='lat' dir='ltr'><strong>civibus</strong></span> <span class='ocrx_word' id='word_1_18' title='bbox 863 295 1043 334; x_wconf 83' lang='lat' dir='ltr'><strong>statuam</strong></span> <span class='ocrx_word' id='word_1_19' title='bbox 1083 297 1127 334; x_wconf 87' lang='lat' dir='ltr'><strong>et</strong></span> <span class='ocrx_word' id='word_1_20' title='bbox 1161 294 1228 333; x_wconf 83' lang='lat' dir='ltr'><strong>ius</strong></span> <span class='ocrx_word' id='word_1_21' title='bbox 1267 293 1451 334; x_wconf 85' lang='lat' dir='ltr'><strong>civitatis</strong></span> <span class='ocrx_word' id='word_1_22' title='bbox 1479 293 1658 344; x_wconf 79' lang='lat' dir='ltr'><strong>accepit·</strong></span> <span class='ocrx_word' id='word_1_23' title='bbox 1679 294 1764 345; x_wconf 72' lang='lat' dir='ltr'><strong>(is.</strong></span> 
     </span>
     <span class='ocr_line' id='line_1_5' title="bbox 110 358 1765 417; baseline -0.003 -10"><span class='ocrx_word' id='word_1_24' title='bbox 110 366 192 417; x_wconf 76' lang='lat'><strong>11,</strong></span> <span class='ocrx_word' id='word_1_25' title='bbox 205 358 394 408; x_wconf 41' lang='lat' dir='ltr'><strong>&amp;aasz</strong></span> <span class='ocrx_word' id='word_1_26' title='bbox 426 365 482 409; x_wconf 75' lang='lat' dir='ltr'><strong>cf.</strong></span> <span class='ocrx_word' id='word_1_27' title='bbox 502 365 712 408; x_wconf 37' lang='lat' dir='ltr'><strong>*nemestbt</strong></span> <span class='ocrx_word' id='word_1_28' title='bbox 743 374 810 415; x_wconf 73' lang='lat' dir='ltr'><strong>ep,</strong></span> <span class='ocrx_word' id='word_1_29' title='bbox 833 365 938 407; x_wconf 85' lang='lat' dir='ltr'><strong>Phil.</strong></span> <span class='ocrx_word' id='word_1_30' title='bbox 960 377 1017 407; x_wconf 87' lang='lat' dir='ltr'><strong>or.</strong></span> <span class='ocrx_word' id='word_1_31' title='bbox 1047 365 1144 414; x_wconf 79' lang='lat' dir='ltr'><strong>xil,</strong></span> <span class='ocrx_word' id='word_1_32' title='bbox 1167 366 1220 405; x_wconf 85' lang='lat'><strong>10</strong></span> <span class='ocrx_word' id='word_1_33' title='bbox 1249 375 1291 414; x_wconf 78' lang='lat' dir='ltr'><strong>p,</strong></span> <span class='ocrx_word' id='word_1_34' title='bbox 1316 362 1436 416; x_wconf 72' lang='lat'><strong>161),</strong></span> <span class='ocrx_word' id='word_1_35' title='bbox 1467 365 1640 405; x_wconf 86' lang='lat' dir='ltr'><strong>summis</strong></span> <span class='ocrx_word' id='word_1_36' title='bbox 1669 364 1765 402; x_wconf 86' lang='lat' dir='ltr'><strong>lau-</strong></span> 
     </span>
     <span class='ocr_line' id='line_1_6' title="bbox 111 433 1768 484; baseline -0.002 -10"><span class='ocrx_word' id='word_1_37' title='bbox 111 434 233 475; x_wconf 69' lang='lat' dir='ltr'><strong>dibus</strong></span> <span class='ocrx_word' id='word_1_38' title='bbox 273 435 316 474; x_wconf 89' lang='lat' dir='ltr'><strong>et</strong></span> <span class='ocrx_word' id='word_1_39' title='bbox 349 435 571 474; x_wconf 80' lang='lat' dir='ltr'><strong>honoribus</strong></span> <span class='ocrx_word' id='word_1_40' title='bbox 611 433 798 475; x_wconf 76' lang='lat' dir='ltr'><strong>encomio</strong></span> <span class='ocrx_word' id='word_1_41' title='bbox 834 433 906 473; x_wconf 91' lang='lat' dir='ltr'><strong>illo</strong></span> <span class='ocrx_word' id='word_1_42' title='bbox 949 433 1139 484; x_wconf 77' lang='lat' dir='ltr'><strong>effertur,</strong></span> <span class='ocrx_word' id='word_1_43' title='bbox 1188 433 1297 483; x_wconf 87' lang='lat' dir='ltr'><strong>quod</strong></span> <span class='ocrx_word' id='word_1_44' title='bbox 1334 434 1473 473; x_wconf 85' lang='lat' dir='ltr'><strong>multis</strong></span> <span class='ocrx_word' id='word_1_45' title='bbox 1512 434 1633 474; x_wconf 88' lang='lat' dir='ltr'><strong>annis</strong></span> <span class='ocrx_word' id='word_1_46' title='bbox 1670 435 1768 484; x_wconf 86' lang='lat' dir='ltr'><strong>post</strong></span> 
     </span>
     <span class='ocr_line' id='line_1_7' title="bbox 110 500 1767 555; baseline -0.001 -12"><span class='ocrx_word' id='word_1_47' title='bbox 110 510 258 543; x_wconf 78' lang='lat' dir='ltr'><strong>nocem</strong></span> <span class='ocrx_word' id='word_1_48' title='bbox 285 504 376 555; x_wconf 65' lang='lat' dir='ltr'><strong>reg-i</strong></span> <span class='ocrx_word' id='word_1_49' title='bbox 406 500 446 547; x_wconf 74' lang='lat' dir='ltr'><strong>a.</strong></span> <span class='ocrx_word' id='word_1_50' title='bbox 479 501 565 543; x_wconf 66' lang='lat'><strong>³⁷4</strong></span> <span class='ocrx_word' id='word_1_51' title='bbox 594 504 751 543; x_wconf 74' lang='lat' dir='ltr'><strong>illatam</strong></span> <span class='ocrx_word' id='word_1_52' title='bbox 789 502 933 555; x_wconf 80' lang='lat' dir='ltr'><strong>(Diod.</strong></span> <span class='ocrx_word' id='word_1_53' title='bbox 963 504 1058 553; x_wconf 89' lang='lat' dir='ltr'><strong>XV,</strong></span> <span class='ocrx_word' id='word_1_54' title='bbox 1078 503 1148 546; x_wconf 83' lang='grc'><strong>4-7.</strong></span> <span class='ocrx_word' id='word_1_55' title='bbox 1179 501 1235 543; x_wconf 73' lang='lat' dir='ltr'><strong>cf.</strong></span> <span class='ocrx_word' id='word_1_56' title='bbox 1265 503 1321 544; x_wconf 74' lang='lat' dir='ltr'><strong>is.</strong></span> <span class='ocrx_word' id='word_1_57' title='bbox 1351 504 1425 551; x_wconf 86' lang='lat' dir='ltr'><strong>IX,</strong></span> <span class='ocrx_word' id='word_1_58' title='bbox 1447 502 1526 554; x_wconf 80' lang='lat'><strong>⁷8)</strong></span> <span class='ocrx_word' id='word_1_59' title='bbox 1556 506 1767 543; x_wconf 75' lang='lat' dir='ltr'><strong>isocrates</strong></span> 
     </span>
     <span class='ocr_line' id='line_1_8' title="bbox 112 568 1767 624; baseline -0.001 -12"><span class='ocrx_word' id='word_1_60' title='bbox 112 568 361 624; x_wconf 63' lang='lat' dir='ltr'><strong>conseripsit</strong></span> <span class='ocrx_word' id='word_1_61' title='bbox 388 570 472 624; x_wconf 76' lang='lat' dir='ltr'><strong>(cf.</strong></span> <span class='ocrx_word' id='word_1_62' title='bbox 503 573 663 623; x_wconf 69' lang='lat' dir='ltr'><strong>argum.</strong></span> <span class='ocrx_word' id='word_1_63' title='bbox 696 582 753 614; x_wconf 90' lang='lat' dir='ltr'><strong>or.</strong></span> <span class='ocrx_word' id='word_1_64' title='bbox 779 568 879 623; x_wconf 83' lang='lat' dir='ltr'>IX).</span> <span class='ocrx_word' id='word_1_65' title='bbox 929 571 1197 622; x_wconf 79' lang='lat' dir='ltr'><strong>Pretiumque</strong></span> <span class='ocrx_word' id='word_1_66' title='bbox 1226 571 1350 611; x_wconf 85' lang='lat' dir='ltr'><strong>XXX</strong></span> <span class='ocrx_word' id='word_1_67' title='bbox 1368 572 1628 622; x_wconf 77' lang='lat' dir='ltr'><strong>talentorum,</strong></span> <span class='ocrx_word' id='word_1_68' title='bbox 1660 570 1767 622; x_wconf 89' lang='lat' dir='ltr'><strong>quod</strong></span> 
     </span>
     <span class='ocr_line' id='line_1_9' title="bbox 112 641 1768 691; baseline -0.002 -10"><span class='ocrx_word' id='word_1_69' title='bbox 112 643 154 681; x_wconf 90' lang='lat' dir='ltr'><strong>in</strong></span> <span class='ocrx_word' id='word_1_70' title='bbox 184 642 255 681; x_wconf 91' lang='lat' dir='ltr'><strong>illo</strong></span> <span class='ocrx_word' id='word_1_71' title='bbox 293 644 537 691; x_wconf 78' lang='lat' dir='ltr'><strong>argumento</strong></span> <span class='ocrx_word' id='word_1_72' title='bbox 578 645 920 681; x_wconf 81' lang='lat' dir='ltr'><strong>commemoratur</strong></span> <span class='ocrx_word' id='word_1_73' title='bbox 959 643 1068 681; x_wconf 89' lang='lat' dir='ltr'><strong>idem</strong></span> <span class='ocrx_word' id='word_1_74' title='bbox 1099 642 1201 680; x_wconf 89' lang='lat' dir='ltr'><strong>illud</strong></span> <span class='ocrx_word' id='word_1_75' title='bbox 1234 644 1309 690; x_wconf 87' lang='lat' dir='ltr'><strong>est,</strong></span> <span class='ocrx_word' id='word_1_76' title='bbox 1348 641 1458 690; x_wconf 85' lang='lat' dir='ltr'><strong>quod</strong></span> <span class='ocrx_word' id='word_1_77' title='bbox 1486 642 1568 680; x_wconf 86' lang='lat' dir='ltr'><strong>XX</strong></span> <span class='ocrx_word' id='word_1_78' title='bbox 1597 653 1768 681; x_wconf 89' lang='lat' dir='ltr'><strong>numero</strong></span> 
     </span>
     <span class='ocr_line' id='line_1_10' title="bbox 112 705 1768 760; baseline -0.001 -12"><span class='ocrx_word' id='word_1_79' title='bbox 112 719 191 759; x_wconf 85' lang='lat' dir='ltr'><strong>pro</strong></span> <span class='ocrx_word' id='word_1_80' title='bbox 223 705 427 748; x_wconf 67' lang='lat' dir='ltr'><strong>oratione</strong></span> <span class='ocrx_word' id='word_1_81' title='bbox 449 709 500 748; x_wconf 88' lang='lat' dir='ltr'><strong>ad</strong></span> <span class='ocrx_word' id='word_1_82' title='bbox 543 706 756 749; x_wconf 80' lang='lat' dir='ltr'><strong>Nicoclem</strong></span> <span class='ocrx_word' id='word_1_83' title='bbox 795 710 994 760; x_wconf 85' lang='lat' dir='ltr'><strong>inscripta</strong></span> <span class='ocrx_word' id='word_1_84' title='bbox 1034 710 1086 749; x_wconf 91' lang='lat' dir='ltr'><strong>ab</strong></span> <span class='ocrx_word' id='word_1_85' title='bbox 1124 710 1249 748; x_wconf 78' lang='lat' dir='ltr'><strong>amici</strong></span> <span class='ocrx_word' id='word_1_86' title='bbox 1277 712 1397 759; x_wconf 82' lang='lat' dir='ltr'><strong>grato</strong></span> <span class='ocrx_word' id='word_1_87' title='bbox 1425 708 1560 747; x_wconf 88' lang='lat' dir='ltr'><strong>animo</strong></span> <span class='ocrx_word' id='word_1_88' title='bbox 1589 709 1768 749; x_wconf 85' lang='lat' dir='ltr'><strong>solutum</strong></span> 
     </span>
     <span class='ocr_line' id='line_1_11' title="bbox 113 773 1769 829; baseline -0.001 -12"><span class='ocrx_word' id='word_1_89' title='bbox 113 777 247 817; x_wconf 80' lang='lat' dir='ltr'><strong>fertur</strong></span> <span class='ocrx_word' id='word_1_90' title='bbox 284 773 365 829; x_wconf 81' lang='lat' dir='ltr'><strong>(cf.</strong></span> <span class='ocrx_word' id='word_1_91' title='bbox 396 779 563 828; x_wconf 80' lang='lat' dir='ltr'><strong>hypoth.</strong></span> <span class='ocrx_word' id='word_1_92' title='bbox 595 789 653 821; x_wconf 89' lang='lat' dir='ltr'><strong>or.</strong></span> <span class='ocrx_word' id='word_1_93' title='bbox 684 780 739 821; x_wconf 89' lang='lat'><strong>11.</strong></span> <span class='ocrx_word' id='word_1_94' title='bbox 776 778 832 820; x_wconf 79' lang='lat' dir='ltr'><strong>cf.</strong></span> <span class='ocrx_word' id='word_1_95' title='bbox 863 780 935 821; x_wconf 88' lang='lat' dir='ltr'><strong>Ps.</strong></span> <span class='ocrx_word' id='word_1_96' title='bbox 966 779 1076 821; x_wconf 83' lang='lat' dir='ltr'><strong>Plut.</strong></span> <span class='ocrx_word' id='word_1_97' title='bbox 1106 789 1147 828; x_wconf 90' lang='lat' dir='ltr'><strong>p.</strong></span> <span class='ocrx_word' id='word_1_98' title='bbox 1177 777 1263 818; x_wconf 83' lang='grc'><strong>838</strong></span> <span class='ocrx_word' id='word_1_99' title='bbox 1292 775 1370 828; x_wconf 84' lang='grc' dir='ltr'><strong>Α),</strong></span> <span class='ocrx_word' id='word_1_100' title='bbox 1410 787 1582 827; x_wconf 84' lang='lat' dir='ltr'><strong>quorum</strong></span> <span class='ocrx_word' id='word_1_101' title='bbox 1619 788 1769 816; x_wconf 85' lang='lat' dir='ltr'><strong>mune-</strong></span> 
     </span>
     <span class='ocr_line' id='line_1_12' title="bbox 114 845 1771 897; baseline -0.001 -12"><span class='ocrx_word' id='word_1_102' title='bbox 114 852 202 885; x_wconf 78' lang='lat' dir='ltr'><strong>ru‘m</strong></span> <span class='ocrx_word' id='word_1_103' title='bbox 230 846 319 896; x_wconf 76' lang='lat' dir='ltr'><strong>ipse</strong></span> <span class='ocrx_word' id='word_1_104' title='bbox 348 846 488 885; x_wconf 83' lang='lat' dir='ltr'><strong>rhetor</strong></span> <span class='ocrx_word' id='word_1_105' title='bbox 516 857 576 890; x_wconf 88' lang='lat' dir='ltr'><strong>or.</strong></span> <span class='ocrx_word' id='word_1_106' title='bbox 607 849 701 897; x_wconf 82' lang='lat' dir='ltr'><strong>XV,</strong></span> <span class='ocrx_word' id='word_1_107' title='bbox 732 847 788 887; x_wconf 97' lang='grc'><strong>40</strong></span> <span class='ocrx_word' id='word_1_108' title='bbox 826 847 1105 887; x_wconf 79' lang='lat' dir='ltr'><strong>testimonium</strong></span> <span class='ocrx_word' id='word_1_109' title='bbox 1142 847 1250 889; x_wconf 87' lang='lat' dir='ltr'><strong>tulit.</strong></span> <span class='ocrx_word' id='word_1_110' title='bbox 1309 846 1498 886; x_wconf 74' lang='lat' dir='ltr'><strong>Nicoclis</strong></span> <span class='ocrx_word' id='word_1_111' title='bbox 1535 848 1673 885; x_wconf 88' lang='lat' dir='ltr'><strong>autem</strong></span> <span class='ocrx_word' id='word_1_112' title='bbox 1705 845 1771 884; x_wconf 77' lang='lat' dir='ltr'><strong>fa-</strong></span> 
     </span>
     <span class='ocr_line' id='line_1_13' title="bbox 115 901 1769 966; baseline -0.001 -12"><span class='ocrx_word' id='word_1_113' title='bbox 115 914 350 955; x_wconf 74' lang='lat' dir='ltr'><strong>miliaritate</strong></span> <span class='ocrx_word' id='word_1_114' title='bbox 380 901 679 965; x_wconf 78' lang='lat' dir='ltr'><strong>delectabatur,</strong></span> <span class='ocrx_word' id='word_1_115' title='bbox 710 917 807 966; x_wconf 79' lang='lat' dir='ltr'><strong>quia</strong></span> <span class='ocrx_word' id='word_1_116' title='bbox 834 918 903 956; x_wconf 83' lang='lat' dir='ltr'><strong>hic</strong></span> <span class='ocrx_word' id='word_1_117' title='bbox 930 918 1046 958; x_wconf 88' lang='lat' dir='ltr'><strong>solus</strong></span> <span class='ocrx_word' id='word_1_118' title='bbox 1076 916 1255 956; x_wconf 85' lang='lat' dir='ltr'><strong>omnium</strong></span> <span class='ocrx_word' id='word_1_119' title='bbox 1285 918 1553 965; x_wconf 79' lang='lat' dir='ltr'><strong>tyrannorum</strong></span> <span class='ocrx_word' id='word_1_120' title='bbox 1583 916 1769 965; x_wconf 85' lang='lat' dir='ltr'><strong>philoso-</strong></span> 
     </span>
     <span class='ocr_line' id='line_1_14' title="bbox 113 977 1770 1035; baseline 0 -13"><span class='ocrx_word' id='word_1_121' title='bbox 113 977 235 1034; x_wconf 78' lang='lat' dir='ltr'><strong>phiae</strong></span> <span class='ocrx_word' id='word_1_122' title='bbox 266 986 309 1022; x_wconf 89' lang='lat' dir='ltr'><strong>et</strong></span> <span class='ocrx_word' id='word_1_123' title='bbox 335 983 483 1023; x_wconf 83' lang='lat' dir='ltr'><strong>litteris</strong></span> <span class='ocrx_word' id='word_1_124' title='bbox 512 984 752 1034; x_wconf 72' lang='lat' dir='ltr'>artibusque</span> <span class='ocrx_word' id='word_1_125' title='bbox 782 985 1022 1025; x_wconf 72' lang='lat' dir='ltr'><strong>liberalibus</strong></span> <span class='ocrx_word' id='word_1_126' title='bbox 1052 995 1220 1034; x_wconf 76' lang='lat' dir='ltr'><strong>opernm</strong></span> <span class='ocrx_word' id='word_1_127' title='bbox 1249 984 1366 1023; x_wconf 80' lang='lat' dir='ltr'><strong>dedit</strong></span> <span class='ocrx_word' id='word_1_128' title='bbox 1395 982 1495 1035; x_wconf 81' lang='lat' dir='ltr'><strong>(lx,</strong></span> <span class='ocrx_word' id='word_1_129' title='bbox 1525 982 1631 1034; x_wconf 78' lang='grc'><strong>78);</strong></span> <span class='ocrx_word' id='word_1_130' title='bbox 1672 984 1770 1033; x_wconf 81' lang='lat' dir='ltr'><strong>quia</strong></span> 
     </span>
     <span class='ocr_line' id='line_1_15' title="bbox 116 1051 1770 1105; baseline 0 -14"><span class='ocrx_word' id='word_1_131' title='bbox 116 1053 181 1091; x_wconf 86' lang='lat' dir='ltr'><strong>vir</strong></span> <span class='ocrx_word' id='word_1_132' title='bbox 209 1051 287 1092; x_wconf 80' lang='lat' dir='ltr'><strong>fuit</strong></span> <span class='ocrx_word' id='word_1_133' title='bbox 315 1053 513 1102; x_wconf 75' lang='lat' dir='ltr'><strong>probitate</strong></span> <span class='ocrx_word' id='word_1_134' title='bbox 545 1055 587 1093; x_wconf 87' lang='lat' dir='ltr'><strong>et</strong></span> <span class='ocrx_word' id='word_1_135' title='bbox 616 1053 728 1094; x_wconf 78' lang='lat' dir='ltr'><strong>vitae</strong></span> <span class='ocrx_word' id='word_1_136' title='bbox 748 1055 950 1105; x_wconf 75' lang='lat' dir='ltr'><strong>regnique</strong></span> <span class='ocrx_word' id='word_1_137' title='bbox 972 1054 1267 1101; x_wconf 78' lang='lat' dir='ltr'><strong>moderatione,</strong></span> <span class='ocrx_word' id='word_1_138' title='bbox 1297 1052 1591 1102; x_wconf 78' lang='lat' dir='ltr'><strong>libidinumque</strong></span> <span class='ocrx_word' id='word_1_139' title='bbox 1611 1054 1770 1102; x_wconf 90' lang='lat' dir='ltr'><strong>tempe-</strong></span> 
     </span>
     <span class='ocr_line' id='line_1_16' title="bbox 114 1117 1771 1173; baseline -0.001 -11"><span class='ocrx_word' id='word_1_140' title='bbox 114 1122 249 1162; x_wconf 82' lang='lat' dir='ltr'><strong>rantia</strong></span> <span class='ocrx_word' id='word_1_141' title='bbox 280 1117 533 1170; x_wconf 79' lang='lat' dir='ltr'><strong>conspicuus</strong></span> <span class='ocrx_word' id='word_1_142' title='bbox 569 1121 668 1173; x_wconf 82' lang='lat' dir='ltr'><strong>(m,</strong></span> <span class='ocrx_word' id='word_1_143' title='bbox 697 1122 768 1166; x_wconf 75' lang='lat'><strong>3⁶.</strong></span> <span class='ocrx_word' id='word_1_144' title='bbox 798 1124 867 1164; x_wconf 79' lang='lat'><strong>42.</strong></span> <span class='ocrx_word' id='word_1_145' title='bbox 899 1121 994 1172; x_wconf 77' lang='lat'>45).</span> <span class='ocrx_word' id='word_1_146' title='bbox 1054 1124 1117 1161; x_wconf 88' lang='lat' dir='ltr'><strong>De</strong></span> <span class='ocrx_word' id='word_1_147' title='bbox 1157 1121 1332 1172; x_wconf 80' lang='lat' dir='ltr'><strong>bospitio</strong></span> <span class='ocrx_word' id='word_1_148' title='bbox 1363 1123 1406 1160; x_wconf 89' lang='lat' dir='ltr'><strong>et</strong></span> <span class='ocrx_word' id='word_1_149' title='bbox 1436 1122 1629 1160; x_wconf 85' lang='lat' dir='ltr'><strong>convivio</strong></span> <span class='ocrx_word' id='word_1_150' title='bbox 1658 1122 1771 1171; x_wconf 87' lang='lat' dir='ltr'><strong>apud</strong></span> 
     </span>
     <span class='ocr_line' id='line_1_17' title="bbox 107 1188 1723 1250; baseline 0.001 -21"><span class='ocrx_word' id='word_1_151' title='bbox 107 1196 210 1250; x_wconf 45' lang='lat' dir='ltr'><strong>‚eum</strong></span> <span class='ocrx_word' id='word_1_152' title='bbox 240 1188 530 1239; x_wconf 61' lang='lat' dir='ltr'><strong>habitmquod</strong></span> <span class='ocrx_word' id='word_1_153' title='bbox 558 1192 630 1232; x_wconf 70' lang='grc' dir='ltr'><strong>ΡΒ.</strong></span> <span class='ocrx_word' id='word_1_154' title='bbox 657 1191 768 1232; x_wconf 80' lang='lat' dir='ltr'><strong>Plut.</strong></span> <span class='ocrx_word' id='word_1_155' title='bbox 791 1199 839 1241; x_wconf 76' lang='lat' dir='ltr'><strong>p.</strong></span> <span class='ocrx_word' id='word_1_156' title='bbox 871 1190 955 1231; x_wconf 74' lang='grc'><strong>838</strong></span> <span class='ocrx_word' id='word_1_157' title='bbox 984 1191 1018 1230; x_wconf 79' lang='lat' dir='ltr'><strong>F</strong></span> <span class='ocrx_word' id='word_1_158' title='bbox 1049 1191 1248 1240; x_wconf 81' lang='lat' dir='ltr'><strong>narravit,</strong></span> <span class='ocrx_word' id='word_1_159' title='bbox 1279 1200 1406 1240; x_wconf 89' lang='lat' dir='ltr'><strong>supra</strong></span> <span class='ocrx_word' id='word_1_160' title='bbox 1436 1189 1516 1228; x_wconf 81' lang='lat' dir='ltr'><strong>iarn</strong></span> <span class='ocrx_word' id='word_1_161' title='bbox 1547 1190 1723 1240; x_wconf 81' lang='lat' dir='ltr'><strong>egimus.</strong></span> 
     </span>
    </p>

    <p class='ocr_par' dir='ltr' id='par_1_4' title="bbox 112 1258 1775 1449">
     <span class='ocr_line' id='line_1_18' title="bbox 253 1258 1772 1310; baseline -0.001 -11"><span class='ocrx_word' id='word_1_162' title='bbox 253 1262 393 1309; x_wconf 78' lang='lat' dir='ltr'><strong>Atque</strong></span> <span class='ocrx_word' id='word_1_163' title='bbox 422 1260 528 1298; x_wconf 82' lang='lat' dir='ltr'><strong>haec</strong></span> <span class='ocrx_word' id='word_1_164' title='bbox 557 1260 780 1310; x_wconf 71' lang='lat' dir='ltr'><strong>hactenus3</strong></span> <span class='ocrx_word' id='word_1_165' title='bbox 815 1261 894 1299; x_wconf 88' lang='lat' dir='ltr'><strong>iam</strong></span> <span class='ocrx_word' id='word_1_166' title='bbox 926 1262 967 1299; x_wconf 87' lang='lat' dir='ltr'><strong>in</strong></span> <span class='ocrx_word' id='word_1_167' title='bbox 992 1261 1245 1300; x_wconf 70' lang='lat' dir='ltr'><strong>adversariis</strong></span> <span class='ocrx_word' id='word_1_168' title='bbox 1275 1259 1498 1299; x_wconf 73' lang='lat' dir='ltr'><strong>notissimis</strong></span> <span class='ocrx_word' id='word_1_169' title='bbox 1526 1258 1772 1306; x_wconf 74' lang='lat' dir='ltr'><strong>tractandis,</strong></span> 
     </span>
     <span class='ocr_line' id='line_1_19' title="bbox 112 1327 1775 1379; baseline -0.001 -11"><span class='ocrx_word' id='word_1_170' title='bbox 112 1328 445 1379; x_wconf 74' lang='lat' dir='ltr'><strong>philosophorum</strong></span> <span class='ocrx_word' id='word_1_171' title='bbox 487 1330 530 1370; x_wconf 83' lang='lat' dir='ltr'><strong>et</strong></span> <span class='ocrx_word' id='word_1_172' title='bbox 566 1329 774 1368; x_wconf 72' lang='lat' dir='ltr'><strong>rhetorum</strong></span> <span class='ocrx_word' id='word_1_173' title='bbox 812 1331 992 1368; x_wconf 88' lang='lat' dir='ltr'><strong>solorum</strong></span> <span class='ocrx_word' id='word_1_174' title='bbox 1031 1328 1315 1369; x_wconf 73' lang='lat' dir='ltr'><strong>dissensiones</strong></span> <span class='ocrx_word' id='word_1_175' title='bbox 1351 1330 1391 1368; x_wconf 86' lang='lat' dir='ltr'><strong>et</strong></span> <span class='ocrx_word' id='word_1_176' title='bbox 1429 1328 1666 1368; x_wconf 79' lang='lat' dir='ltr'><strong>discordiae</strong></span> <span class='ocrx_word' id='word_1_177' title='bbox 1706 1327 1775 1367; x_wconf 80' lang='lat' dir='ltr'><strong>liic</strong></span> 
     </span>
     <span class='ocr_line' id='line_1_20' title="bbox 115 1385 1446 1449; baseline 0.001 -10"><span class='ocrx_word' id='word_1_178' title='bbox 115 1397 367 1445; x_wconf 69' lang='lat' dir='ltr'><strong>referentur,</strong></span> <span class='ocrx_word' id='word_1_179' title='bbox 396 1400 443 1436; x_wconf 90' lang='lat' dir='ltr'><strong>ut</strong></span> <span class='ocrx_word' id='word_1_180' title='bbox 473 1399 580 1447; x_wconf 83' lang='lat' dir='ltr'><strong>quae</strong></span> <span class='ocrx_word' id='word_1_181' title='bbox 609 1398 860 1447; x_wconf 78' lang='lat' dir='ltr'><strong>potissimum</strong></span> <span class='ocrx_word' id='word_1_182' title='bbox 891 1385 1212 1449; x_wconf 25' lang='lat' dir='ltr'><strong>huchertinere</strong></span> <span class='ocrx_word' id='word_1_183' title='bbox 1240 1395 1446 1449; x_wconf 84' lang='lat' dir='ltr'><strong>putemus.</strong></span> 
     </span>
    </p>

    <p class='ocr_par' dir='ltr' id='par_1_5' title="bbox 95 1453 1781 2901">
     <span class='ocr_line' id='line_1_21' title="bbox 254 1453 1774 1516; baseline 0.001 -12"><span class='ocrx_word' id='word_1_184' title='bbox 254 1466 448 1516; x_wconf 81' lang='lat' dir='ltr'><strong>Primum,</strong></span> <span class='ocrx_word' id='word_1_185' title='bbox 479 1474 587 1515; x_wconf 84' lang='lat' dir='ltr'><strong>quae</strong></span> <span class='ocrx_word' id='word_1_186' title='bbox 615 1466 813 1507; x_wconf 89' lang='lat' dir='ltr'><strong>Isocratis</strong></span> <span class='ocrx_word' id='word_1_187' title='bbox 844 1478 937 1506; x_wconf 88' lang='lat' dir='ltr'><strong>cum</strong></span> <span class='ocrx_word' id='word_1_188' title='bbox 968 1468 1195 1506; x_wconf 87' lang='lat' dir='ltr'><strong>Platone</strong></span> <span class='ocrx_word' id='word_1_189' title='bbox 1238 1470 1278 1506; x_wconf 90' lang='lat' dir='ltr'><strong>et</strong></span> <span class='ocrx_word' id='word_1_190' title='bbox 1299 1453 1484 1506; x_wconf 37' lang='lat' dir='ltr'><strong>‘Socrate</strong></span> <span class='ocrx_word' id='word_1_191' title='bbox 1515 1466 1774 1506; x_wconf 86' lang='lat' dir='ltr'><strong>consuetudo</strong></span> 
     </span>
     <span class='ocr_line' id='line_1_22' title="bbox 119 1535 1777 1586; baseline -0.001 -9"><span class='ocrx_word' id='word_1_192' title='bbox 119 1536 260 1585; x_wconf 81' lang='lat' dir='ltr'><strong>fuerit,</strong></span> <span class='ocrx_word' id='word_1_193' title='bbox 298 1535 541 1576; x_wconf 83' lang='lat' dir='ltr'><strong>Socraticae</strong></span> <span class='ocrx_word' id='word_1_194' title='bbox 570 1536 733 1585; x_wconf 79' lang='lat' dir='ltr'><strong>quidem</strong></span> <span class='ocrx_word' id='word_1_195' title='bbox 763 1537 975 1575; x_wconf 89' lang='lat' dir='ltr'><strong>doctrinae</strong></span> <span class='ocrx_word' id='word_1_196' title='bbox 1007 1539 1238 1576; x_wconf 82' lang='lat' dir='ltr'><strong>consortem</strong></span> <span class='ocrx_word' id='word_1_197' title='bbox 1269 1536 1400 1576; x_wconf 84' lang='lat' dir='ltr'><strong>fuisse</strong></span> <span class='ocrx_word' id='word_1_198' title='bbox 1432 1537 1646 1586; x_wconf 85' lang='lat' dir='ltr'><strong>Nostrum,</strong></span> <span class='ocrx_word' id='word_1_199' title='bbox 1684 1537 1777 1586; x_wconf 83' lang='lat' dir='ltr'><strong>ipsa</strong></span> 
     </span>
     <span class='ocr_line' id='line_1_23' title="bbox 114 1604 1775 1655; baseline -0.001 -9"><span class='ocrx_word' id='word_1_200' title='bbox 114 1605 272 1654; x_wconf 72' lang='lat' dir='ltr'><strong>²scriptu</strong></span> <span class='ocrx_word' id='word_1_201' title='bbox 302 1624 358 1632; x_wconf 90' lang='lat'>—</span> <span class='ocrx_word' id='word_1_202' title='bbox 386 1606 434 1642; x_wconf 89' lang='lat' dir='ltr'><strong>ut</strong></span> <span class='ocrx_word' id='word_1_203' title='bbox 461 1606 577 1643; x_wconf 82' lang='lat' dir='ltr'><strong>recte</strong></span> <span class='ocrx_word' id='word_1_204' title='bbox 609 1604 838 1645; x_wconf 82' lang='lat' dir='ltr'><strong>-Pfundtius</strong></span> <span class='ocrx_word' id='word_1_205' title='bbox 876 1616 916 1655; x_wconf 88' lang='lat' dir='ltr'><strong>p.</strong></span> <span class='ocrx_word' id='word_1_206' title='bbox 946 1605 987 1647; x_wconf 89' lang='lat'><strong>8.</strong></span> <span class='ocrx_word' id='word_1_207' title='bbox 1020 1604 1076 1647; x_wconf 88' lang='lat' dir='ltr'><strong>cf.</strong></span> <span class='ocrx_word' id='word_1_208' title='bbox 1106 1616 1146 1655; x_wconf 85' lang='lat' dir='ltr'><strong>p.</strong></span> <span class='ocrx_word' id='word_1_209' title='bbox 1175 1605 1203 1644; x_wconf 87' lang='lat'><strong>5</strong></span> <span class='ocrx_word' id='word_1_210' title='bbox 1244 1605 1359 1653; x_wconf 88' lang='lat' dir='ltr'><strong>dicit,</strong></span> <span class='ocrx_word' id='word_1_211' title='bbox 1397 1604 1453 1647; x_wconf 84' lang='lat' dir='ltr'><strong>cf.</strong></span> <span class='ocrx_word' id='word_1_212' title='bbox 1490 1606 1647 1655; x_wconf 84' lang='lat' dir='ltr'><strong>Saupp.</strong></span> <span class='ocrx_word' id='word_1_213' title='bbox 1679 1605 1707 1647; x_wconf 90' lang='lat' dir='ltr'><strong>l.</strong></span> <span class='ocrx_word' id='word_1_214' title='bbox 1738 1616 1775 1645; x_wconf 88' lang='lat' dir='ltr'><strong>c.</strong></span> 
     </span>
     <span class='ocr_line' id='line_1_24' title="bbox 121 1673 1777 1724; baseline 0.001 -12"><span class='ocrx_word' id='word_1_215' title='bbox 121 1673 207 1713; x_wconf 88' lang='grc'><strong>404</strong></span> <span class='ocrx_word' id='word_1_216' title='bbox 238 1695 293 1703; x_wconf 94' lang='grc'><strong>--</strong></span> <span class='ocrx_word' id='word_1_217' title='bbox 325 1676 366 1712; x_wconf 87' lang='lat' dir='ltr'><strong>ct</strong></span> <span class='ocrx_word' id='word_1_218' title='bbox 395 1673 620 1723; x_wconf 85' lang='lat' dir='ltr'><strong>scriptores</strong></span> <span class='ocrx_word' id='word_1_219' title='bbox 649 1676 815 1717; x_wconf 84' lang='lat' dir='ltr'><strong>veteres</strong></span> <span class='ocrx_word' id='word_1_220' title='bbox 845 1675 1081 1724; x_wconf 90' lang='lat' dir='ltr'><strong>loquuntur,</strong></span> <span class='ocrx_word' id='word_1_221' title='bbox 1123 1674 1190 1724; x_wconf 87' lang='lat' dir='ltr'><strong>qui</strong></span> <span class='ocrx_word' id='word_1_222' title='bbox 1233 1675 1286 1712; x_wconf 86' lang='lat' dir='ltr'><strong>de</strong></span> <span class='ocrx_word' id='word_1_223' title='bbox 1317 1675 1558 1724; x_wconf 81' lang='lat' dir='ltr'><strong>magisterio</strong></span> <span class='ocrx_word' id='word_1_224' title='bbox 1587 1675 1777 1714; x_wconf 84' lang='lat' dir='ltr'><strong>Socratis</strong></span> 
     </span>
     <span class='ocr_line' id='line_1_25' title="bbox 110 1739 1777 1793; baseline -0.001 -11"><span class='ocrx_word' id='word_1_225' title='bbox 110 1744 188 1782; x_wconf 60' lang='lat' dir='ltr'><strong>‘hic</strong></span> <span class='ocrx_word' id='word_1_226' title='bbox 213 1742 461 1793; x_wconf 84' lang='lat' dir='ltr'><strong>cogitarunt.</strong></span> <span class='ocrx_word' id='word_1_227' title='bbox 500 1742 681 1781; x_wconf 83' lang='lat' dir='ltr'><strong>Accedit</strong></span> <span class='ocrx_word' id='word_1_228' title='bbox 704 1743 809 1791; x_wconf 83' lang='lat' dir='ltr'><strong>quod</strong></span> <span class='ocrx_word' id='word_1_229' title='bbox 836 1746 877 1781; x_wconf 87' lang='lat' dir='ltr'><strong>in</strong></span> <span class='ocrx_word' id='word_1_230' title='bbox 895 1743 1081 1781; x_wconf 74' lang='lat' dir='ltr'><strong>Platonis</strong></span> <span class='ocrx_word' id='word_1_231' title='bbox 1104 1743 1295 1781; x_wconf 74' lang='lat' dir='ltr'><strong>Phaedro</strong></span> <span class='ocrx_word' id='word_1_232' title='bbox 1319 1744 1398 1783; x_wconf 86' lang='lat' dir='ltr'><strong>sub</strong></span> <span class='ocrx_word' id='word_1_233' title='bbox 1424 1742 1547 1782; x_wconf 86' lang='lat' dir='ltr'><strong>finem</strong></span> <span class='ocrx_word' id='word_1_234' title='bbox 1570 1753 1609 1793; x_wconf 86' lang='lat' dir='ltr'><strong>p.</strong></span> <span class='ocrx_word' id='word_1_235' title='bbox 1636 1739 1720 1781; x_wconf 72' lang='lat'><strong>279</strong></span> <span class='ocrx_word' id='word_1_236' title='bbox 1736 1744 1777 1781; x_wconf 79' lang='lat' dir='ltr'>A</span> 
     </span>
     <span class='ocr_line' id='line_1_26' title="bbox 109 1810 1778 1862; baseline 0 -11"><span class='ocrx_word' id='word_1_237' title='bbox 109 1812 288 1862; x_wconf 72' lang='lat' dir='ltr'><strong>insigne</strong></span> <span class='ocrx_word' id='word_1_238' title='bbox 318 1813 456 1851; x_wconf 78' lang='lat' dir='ltr'><strong>exstet</strong></span> <span class='ocrx_word' id='word_1_239' title='bbox 486 1811 720 1861; x_wconf 74' lang='lat' dir='ltr'><strong>augurium,</strong></span> <span class='ocrx_word' id='word_1_240' title='bbox 763 1812 870 1860; x_wconf 87' lang='lat' dir='ltr'><strong>quod</strong></span> <span class='ocrx_word' id='word_1_241' title='bbox 899 1812 1070 1862; x_wconf 87' lang='lat' dir='ltr'><strong>sapiens</strong></span> <span class='ocrx_word' id='word_1_242' title='bbox 1107 1811 1179 1851; x_wconf 90' lang='lat' dir='ltr'><strong>ille</strong></span> <span class='ocrx_word' id='word_1_243' title='bbox 1209 1810 1275 1850; x_wconf 88' lang='lat' dir='ltr'><strong>vir</strong></span> <span class='ocrx_word' id='word_1_244' title='bbox 1304 1813 1357 1851; x_wconf 87' lang='lat' dir='ltr'><strong>de</strong></span> <span class='ocrx_word' id='word_1_245' title='bbox 1391 1812 1549 1860; x_wconf 86' lang='lat' dir='ltr'><strong>juvene</strong></span> <span class='ocrx_word' id='word_1_246' title='bbox 1580 1812 1778 1862; x_wconf 82' lang='lat' dir='ltr'><strong>pulcher-</strong></span> 
     </span>
     <span class='ocr_line' id='line_1_27' title="bbox 120 1880 1777 1922; baseline 0.001 -3"><span class='ocrx_word' id='word_1_247' title='bbox 120 1881 222 1919; x_wconf 80' lang='lat' dir='ltr'><strong>rim&#39;o</strong></span> <span class='ocrx_word' id='word_1_248' title='bbox 263 1880 371 1922; x_wconf 84' lang='lat' dir='ltr'><strong>tulit.</strong></span> <span class='ocrx_word' id='word_1_249' title='bbox 431 1880 586 1919; x_wconf 83' lang='lat' dir='ltr'><strong>Tamen</strong></span> <span class='ocrx_word' id='word_1_250' title='bbox 626 1889 705 1919; x_wconf 80' lang='lat' dir='ltr'><strong>n&#39;ec</strong></span> <span class='ocrx_word' id='word_1_251' title='bbox 743 1881 793 1919; x_wconf 87' lang='lat' dir='ltr'><strong>de</strong></span> <span class='ocrx_word' id='word_1_252' title='bbox 831 1881 1038 1920; x_wconf 86' lang='lat' dir='ltr'><strong>cotidiana</strong></span> <span class='ocrx_word' id='word_1_253' title='bbox 1080 1880 1381 1920; x_wconf 72' lang='lat' dir='ltr'><strong>consuetudine</strong></span> <span class='ocrx_word' id='word_1_254' title='bbox 1420 1881 1585 1921; x_wconf 89' lang='lat' dir='ltr'><strong>illorum</strong></span> <span class='ocrx_word' id='word_1_255' title='bbox 1616 1892 1697 1920; x_wconf 89' lang='lat' dir='ltr'><strong>nec</strong></span> <span class='ocrx_word' id='word_1_256' title='bbox 1727 1881 1777 1920; x_wconf 85' lang='lat' dir='ltr'><strong>dc</strong></span> 
     </span>
     <span class='ocr_line' id='line_1_28' title="bbox 107 1950 1777 2000; baseline 0.001 -13"><span class='ocrx_word' id='word_1_257' title='bbox 107 1950 207 1988; x_wconf 67' lang='lat' dir='ltr'><strong>‘ulla</strong></span> <span class='ocrx_word' id='word_1_258' title='bbox 232 1950 377 1999; x_wconf 61' lang='lat' dir='ltr'><strong>‘specie</strong></span> <span class='ocrx_word' id='word_1_259' title='bbox 404 1950 618 1989; x_wconf 69' lang='lat' dir='ltr'><strong>amicitiae</strong></span> <span class='ocrx_word' id='word_1_260' title='bbox 647 1951 873 2000; x_wconf 77' lang='lat' dir='ltr'><strong>scriptores</strong></span> <span class='ocrx_word' id='word_1_261' title='bbox 899 1951 1300 2000; x_wconf 70' lang='lat' dir='ltr'><strong>unquam-certiores</strong></span> <span class='ocrx_word' id='word_1_262' title='bbox 1322 1963 1396 1990; x_wconf 84' lang='lat' dir='ltr'><strong>nos</strong></span> <span class='ocrx_word' id='word_1_263' title='bbox 1416 1950 1622 1993; x_wconf 77' lang='lat' dir='ltr'><strong>fecerunt.</strong></span> <span class='ocrx_word' id='word_1_264' title='bbox 1660 1952 1777 1999; x_wconf 78' lang='lat' dir='ltr'><strong>Quo·</strong></span> 
     </span>
     <span class='ocr_line' id='line_1_29' title="bbox 121 2014 1777 2070; baseline 0 -13"><span class='ocrx_word' id='word_1_265' title='bbox 121 2018 239 2058; x_wconf 87' lang='lat' dir='ltr'><strong>modo</strong></span> <span class='ocrx_word' id='word_1_266' title='bbox 269 2021 407 2057; x_wconf 71' lang='lat' dir='ltr'><strong>sutem</strong></span> <span class='ocrx_word' id='word_1_267' title='bbox 435 2014 610 2057; x_wconf 80' lang='lat' dir='ltr'><strong>Platone</strong></span> <span class='ocrx_word' id='word_1_268' title='bbox 637 2017 848 2059; x_wconf 78' lang='lat' dir='ltr'><strong>Isocrates</strong></span> <span class='ocrx_word' id='word_1_269' title='bbox 876 2029 982 2060; x_wconf 79' lang='lat' dir='ltr'><strong>usus</strong></span> <span class='ocrx_word' id='word_1_270' title='bbox 1012 2020 1079 2068; x_wconf 82' lang='lat' dir='ltr'><strong>sit,</strong></span> <span class='ocrx_word' id='word_1_271' title='bbox 1109 2020 1308 2070; x_wconf 81' lang='lat' dir='ltr'><strong>Spengeli</strong></span> <span class='ocrx_word' id='word_1_272' title='bbox 1340 2020 1640 2066; x_wconf 81' lang='lat' dir='ltr'><strong>commentatio,</strong></span> <span class='ocrx_word' id='word_1_273' title='bbox 1671 2030 1777 2068; x_wconf 84' lang='lat' dir='ltr'><strong>qnae</strong></span> 
     </span>
     <span class='ocr_line' id='line_1_30' title="bbox 110 2086 1779 2140; baseline 0 -13"><span class='ocrx_word' id='word_1_274' title='bbox 110 2089 266 2137; x_wconf 56' lang='lat' dir='ltr'><strong>„Plato</strong></span> <span class='ocrx_word' id='word_1_275' title='bbox 291 2088 375 2127; x_wconf 88' lang='lat' dir='ltr'><strong>und</strong></span> <span class='ocrx_word' id='word_1_276' title='bbox 394 2086 629 2128; x_wconf 78' lang='lat' dir='ltr'><strong>Isocrates“</strong></span> <span class='ocrx_word' id='word_1_277' title='bbox 650 2088 900 2139; x_wconf 86' lang='lat' dir='ltr'><strong>inscribitur,</strong></span> <span class='ocrx_word' id='word_1_278' title='bbox 922 2089 1131 2139; x_wconf 85' lang='lat' dir='ltr'><strong>copiosius</strong></span> <span class='ocrx_word' id='word_1_279' title='bbox 1151 2089 1357 2140; x_wconf 79' lang='lat' dir='ltr'><strong>exposuit,</strong></span> <span class='ocrx_word' id='word_1_280' title='bbox 1375 2094 1593 2139; x_wconf 79' lang='lat' dir='ltr'><strong>postquam</strong></span> <span class='ocrx_word' id='word_1_281' title='bbox 1615 2088 1779 2128; x_wconf 76' lang='lat' dir='ltr'><strong>Pfund-</strong></span> 
     </span>
     <span class='ocr_line' id='line_1_31' title="bbox 121 2147 1779 2208; baseline 0 -12"><span class='ocrx_word' id='word_1_282' title='bbox 121 2159 219 2206; x_wconf 89' lang='lat' dir='ltr'><strong>tius,</strong></span> <span class='ocrx_word' id='word_1_283' title='bbox 245 2157 335 2195; x_wconf 92' lang='lat' dir='ltr'><strong>loco</strong></span> <span class='ocrx_word' id='word_1_284' title='bbox 359 2155 480 2207; x_wconf 79' lang='lat' dir='ltr'><strong>mog.</strong></span> <span class='ocrx_word' id='word_1_285' title='bbox 503 2158 641 2198; x_wconf 71' lang='lat' dir='ltr'><strong>Laert.</strong></span> <span class='ocrx_word' id='word_1_286' title='bbox 660 2157 733 2205; x_wconf 76' lang='grc' dir='ltr'><strong>ΠΙ,</strong></span> <span class='ocrx_word' id='word_1_287' title='bbox 756 2158 797 2207; x_wconf 86' lang='grc'><strong>8,</strong></span> <span class='ocrx_word' id='word_1_288' title='bbox 825 2158 892 2197; x_wconf 87' lang='lat' dir='ltr'><strong>ubi</strong></span> <span class='ocrx_word' id='word_1_289' title='bbox 907 2158 962 2197; x_wconf 78' lang='lat' dir='ltr'><strong>de</strong></span> <span class='ocrx_word' id='word_1_290' title='bbox 987 2157 1190 2206; x_wconf 76' lang='lat' dir='ltr'><strong>colloquio</strong></span> <span class='ocrx_word' id='word_1_291' title='bbox 1209 2147 1384 2208; x_wconf 85' lang='lat' dir='ltr'><strong>quodam</strong></span> <span class='ocrx_word' id='word_1_292' title='bbox 1408 2159 1451 2197; x_wconf 91' lang='lat' dir='ltr'><strong>in</strong></span> <span class='ocrx_word' id='word_1_293' title='bbox 1475 2169 1577 2208; x_wconf 78' lang='lat' dir='ltr'><strong>agro</strong></span> <span class='ocrx_word' id='word_1_294' title='bbox 1593 2158 1779 2197; x_wconf 81' lang='lat' dir='ltr'><strong>Platonis</strong></span> 
     </span>
     <span class='ocr_line' id='line_1_32' title="bbox 106 2222 1777 2279; baseline 0 -13"><span class='ocrx_word' id='word_1_295' title='bbox 106 2237 217 2266; x_wconf 85' lang='lat' dir='ltr'><strong>-cum</strong></span> <span class='ocrx_word' id='word_1_296' title='bbox 240 2222 425 2265; x_wconf 76' lang='lat' dir='ltr'><strong>Isocrate</strong></span> <span class='ocrx_word' id='word_1_297' title='bbox 447 2226 587 2266; x_wconf 74' lang='lat' dir='ltr'><strong>habito</strong></span> <span class='ocrx_word' id='word_1_298' title='bbox 613 2224 765 2278; x_wconf 75' lang='lat' dir='ltr'><strong>agitur,</strong></span> <span class='ocrx_word' id='word_1_299' title='bbox 789 2227 1000 2277; x_wconf 85' lang='lat' dir='ltr'><strong>insistens,</strong></span> <span class='ocrx_word' id='word_1_300' title='bbox 1029 2237 1115 2266; x_wconf 89' lang='lat' dir='ltr'><strong>rem</strong></span> <span class='ocrx_word' id='word_1_301' title='bbox 1141 2228 1310 2268; x_wconf 85' lang='lat' dir='ltr'><strong>brevius</strong></span> <span class='ocrx_word' id='word_1_302' title='bbox 1329 2227 1480 2279; x_wconf 75' lang='lat' dir='ltr'><strong>attigit,</strong></span> <span class='ocrx_word' id='word_1_303' title='bbox 1503 2239 1622 2277; x_wconf 89' lang='lat' dir='ltr'><strong>quem</strong></span> <span class='ocrx_word' id='word_1_304' title='bbox 1637 2229 1777 2277; x_wconf 83' lang='lat' dir='ltr'><strong>Saup-</strong></span> 
     </span>
     <span class='ocr_line' id='line_1_33' title="bbox 121 2287 1776 2346; baseline 0.001 -12"><span class='ocrx_word' id='word_1_305' title='bbox 121 2290 216 2346; x_wconf 74' lang='lat' dir='ltr'><strong>p²ius</strong></span> <span class='ocrx_word' id='word_1_306' title='bbox 246 2296 272 2335; x_wconf 96' lang='lat' dir='ltr'><strong>l.</strong></span> <span class='ocrx_word' id='word_1_307' title='bbox 305 2306 341 2336; x_wconf 90' lang='lat' dir='ltr'><strong>c.</strong></span> <span class='ocrx_word' id='word_1_308' title='bbox 367 2306 410 2344; x_wconf 80' lang='lat' dir='ltr'><strong>p.</strong></span> <span class='ocrx_word' id='word_1_309' title='bbox 441 2287 528 2334; x_wconf 68' lang='lat'><strong>40¹⁷</strong></span> <span class='ocrx_word' id='word_1_310' title='bbox 549 2296 753 2338; x_wconf 74' lang='lat' dir='ltr'><strong>&#39;coi-rexit.</strong></span> <span class='ocrx_word' id='word_1_311' title='bbox 812 2299 955 2346; x_wconf 87' lang='lat' dir='ltr'><strong>ltaque</strong></span> <span class='ocrx_word' id='word_1_312' title='bbox 995 2296 1064 2336; x_wconf 80' lang='lat' dir='ltr'><strong>liic</strong></span> <span class='ocrx_word' id='word_1_313' title='bbox 1104 2308 1188 2335; x_wconf 88' lang='lat' dir='ltr'><strong>rem</strong></span> <span class='ocrx_word' id='word_1_314' title='bbox 1220 2297 1271 2335; x_wconf 89' lang='lat' dir='ltr'><strong>ad</strong></span> <span class='ocrx_word' id='word_1_315' title='bbox 1303 2298 1444 2336; x_wconf 89' lang='lat' dir='ltr'><strong>vivum</strong></span> <span class='ocrx_word' id='word_1_316' title='bbox 1474 2307 1670 2337; x_wconf 81' lang='lat' dir='ltr'><strong>resecare</strong></span> <span class='ocrx_word' id='word_1_317' title='bbox 1701 2307 1776 2335; x_wconf 87' lang='lat' dir='ltr'><strong>su-</strong></span> 
     </span>
     <span class='ocr_line' id='line_1_34' title="bbox 108 2364 1778 2417; baseline 0.001 -14"><span class='ocrx_word' id='word_1_318' title='bbox 108 2364 394 2414; x_wconf 83' lang='lat' dir='ltr'><strong>persedentes</strong></span> <span class='ocrx_word' id='word_1_319' title='bbox 424 2365 490 2402; x_wconf 87' lang='lat' dir='ltr'><strong>sat</strong></span> <span class='ocrx_word' id='word_1_320' title='bbox 521 2364 733 2414; x_wconf 80' lang='lat' dir='ltr'><strong>habemus,</strong></span> <span class='ocrx_word' id='word_1_321' title='bbox 754 2365 1053 2406; x_wconf 69' lang='lat' dir='ltr'><strong>‘dissensiones</strong></span> <span class='ocrx_word' id='word_1_322' title='bbox 1092 2366 1382 2417; x_wconf 77' lang='lat' dir='ltr'><strong>magistrorum</strong></span> <span class='ocrx_word' id='word_1_323' title='bbox 1413 2366 1536 2405; x_wconf 87' lang='lat' dir='ltr'><strong>etiam</strong></span> <span class='ocrx_word' id='word_1_324' title='bbox 1566 2366 1619 2404; x_wconf 76' lang='lat' dir='ltr'><strong>ad</strong></span> <span class='ocrx_word' id='word_1_325' title='bbox 1651 2365 1778 2405; x_wconf 88' lang='lat' dir='ltr'><strong>disci-</strong></span> 
     </span>
     <span class='ocr_line' id='line_1_35' title="bbox 121 2429 1779 2485; baseline 0.001 -14"><span class='ocrx_word' id='word_1_326' title='bbox 121 2429 243 2484; x_wconf 80' lang='lat' dir='ltr'><strong>pulos</strong></span> <span class='ocrx_word' id='word_1_327' title='bbox 274 2432 499 2473; x_wconf 71' lang='lat' dir='ltr'><strong>translatas</strong></span> <span class='ocrx_word' id='word_1_328' title='bbox 529 2432 774 2475; x_wconf 75' lang='lat' dir='ltr'><strong>ostendisse.</strong></span> <span class='ocrx_word' id='word_1_329' title='bbox 832 2435 928 2475; x_wconf 72' lang='lat' dir='ltr'><strong>Huc</strong></span> <span class='ocrx_word' id='word_1_330' title='bbox 955 2437 1120 2485; x_wconf 89' lang='lat' dir='ltr'><strong>spectat</strong></span> <span class='ocrx_word' id='word_1_331' title='bbox 1158 2436 1264 2484; x_wconf 86' lang='lat' dir='ltr'><strong>quod</strong></span> <span class='ocrx_word' id='word_1_332' title='bbox 1296 2437 1657 2485; x_wconf 76' lang='lat' dir='ltr'><strong>Theopompus</strong></span> <span class='ocrx_word' id='word_1_333' title='bbox 1687 2436 1779 2473; x_wconf 85' lang='lat' dir='ltr'><strong>Iso-</strong></span> 
     </span>
     <span class='ocr_line' id='line_1_36' title="bbox 99 2489 1780 2558; baseline 0 -16"><span class='ocrx_word' id='word_1_334' title='bbox 99 2506 104 2529; x_wconf 83' lang='lat'><strong>&#39;-</strong></span> <span class='ocrx_word' id='word_1_335' title='bbox 124 2489 292 2543; x_wconf 81' lang='lat' dir='ltr'><strong>crateus</strong></span> <span class='ocrx_word' id='word_1_336' title='bbox 323 2495 502 2542; x_wconf 80' lang='lat' dir='ltr'><strong>maxime</strong></span> <span class='ocrx_word' id='word_1_337' title='bbox 533 2496 931 2553; x_wconf 60' lang='lat' dir='ltr'><strong>germanus&#39;librum</strong></span> <span class='ocrx_word' id='word_1_338' title='bbox 962 2498 1077 2544; x_wconf 67' lang='grc' dir='ltr'><strong>κατὰ</strong></span> <span class='ocrx_word' id='word_1_339' title='bbox 1099 2499 1339 2551; x_wconf 76' lang='grc' dir='ltr'><strong><em>Πλάτωνος</em></strong></span> <span class='ocrx_word' id='word_1_340' title='bbox 1363 2499 1591 2558; x_wconf 67' lang='grc' dir='ltr'><strong>διατριβῆς</strong></span> <span class='ocrx_word' id='word_1_341' title='bbox 1611 2504 1780 2553; x_wconf 81' lang='lat' dir='ltr'><strong>scripsit</strong></span> 
     </span>
     <span class='ocr_line' id='line_1_37' title="bbox 125 2569 1781 2624; baseline 0.002 -13"><span class='ocrx_word' id='word_1_342' title='bbox 125 2571 221 2623; x_wconf 84' lang='lat' dir='ltr'><strong>(qui</strong></span> <span class='ocrx_word' id='word_1_343' title='bbox 250 2581 349 2621; x_wconf 86' lang='lat' dir='ltr'><strong>pars</strong></span> <span class='ocrx_word' id='word_1_344' title='bbox 380 2569 508 2611; x_wconf 84' lang='lat' dir='ltr'><strong>fuerit</strong></span> <span class='ocrx_word' id='word_1_345' title='bbox 540 2573 707 2617; x_wconf 86' lang='lat' dir='ltr'><strong>maioris</strong></span> <span class='ocrx_word' id='word_1_346' title='bbox 736 2574 919 2612; x_wconf 88' lang='lat' dir='ltr'><strong>historici</strong></span> <span class='ocrx_word' id='word_1_347' title='bbox 950 2571 1137 2624; x_wconf 83' lang='lat' dir='ltr'><strong>operis);</strong></span> <span class='ocrx_word' id='word_1_348' title='bbox 1168 2575 1290 2613; x_wconf 89' lang='lat' dir='ltr'><strong>cuius</strong></span> <span class='ocrx_word' id='word_1_349' title='bbox 1320 2573 1594 2623; x_wconf 76' lang='lat' dir='ltr'><strong>fragmentum</strong></span> <span class='ocrx_word' id='word_1_350' title='bbox 1626 2574 1781 2614; x_wconf 82' lang='lat' dir='ltr'><strong>Athen.</strong></span> 
     </span>
     <span class='ocr_line' id='line_1_38' title="bbox 101 2634 1780 2692; baseline 0.001 -15"><span class='ocrx_word' id='word_1_351' title='bbox 101 2634 200 2688; x_wconf 82' lang='lat' dir='ltr'><strong>-Xl,</strong></span> <span class='ocrx_word' id='word_1_352' title='bbox 240 2651 281 2691; x_wconf 86' lang='lat' dir='ltr'><strong>p.</strong></span> <span class='ocrx_word' id='word_1_353' title='bbox 309 2636 398 2679; x_wconf 73' lang='lat'><strong>508</strong></span> <span class='ocrx_word' id='word_1_354' title='bbox 429 2639 464 2678; x_wconf 82' lang='lat' dir='ltr'><strong>G</strong></span> <span class='ocrx_word' id='word_1_355' title='bbox 502 2643 693 2681; x_wconf 64' lang='lat' dir='ltr'><strong>servavit</strong></span> <span class='ocrx_word' id='word_1_356' title='bbox 727 2643 897 2692; x_wconf 86' lang='lat' dir='ltr'><strong>plenum</strong></span> <span class='ocrx_word' id='word_1_357' title='bbox 926 2642 1119 2682; x_wconf 62' lang='lat' dir='ltr'><strong>&#39;invidiae</strong></span> <span class='ocrx_word' id='word_1_358' title='bbox 1161 2646 1203 2682; x_wconf 81' lang='lat' dir='ltr'><strong>et</strong></span> <span class='ocrx_word' id='word_1_359' title='bbox 1238 2643 1547 2682; x_wconf 83' lang='lat' dir='ltr'><strong>obtrectationis</strong></span> <span class='ocrx_word' id='word_1_360' title='bbox 1584 2652 1664 2681; x_wconf 90' lang='lat' dir='ltr'><strong>nec</strong></span> <span class='ocrx_word' id='word_1_361' title='bbox 1702 2652 1780 2681; x_wconf 88' lang='lat' dir='ltr'><strong>non</strong></span> 
     </span>
     <span class='ocr_line' id='line_1_39' title="bbox 98 2701 1779 2761; baseline 0.001 -16"><span class='ocrx_word' id='word_1_362' title='bbox 98 2701 441 2757; x_wconf 54' lang='lat' dir='ltr'><strong>*iiii‘qui&#39;iudicib</strong></span> <span class='ocrx_word' id='word_1_363' title='bbox 482 2714 561 2758; x_wconf 71' lang='lat' dir='ltr'><strong>quo</strong></span> <span class='ocrx_word' id='word_1_364' title='bbox 600 2710 755 2761; x_wconf 69' lang='lat' dir='ltr'><strong>dialogi</strong></span> <span class='ocrx_word' id='word_1_365' title='bbox 785 2710 906 2752; x_wconf 80' lang='lat' dir='ltr'><strong>&#39;illius</strong></span> <span class='ocrx_word' id='word_1_366' title='bbox 936 2712 1105 2751; x_wconf 71' lang='lat' dir='ltr'><strong>inutiles</strong></span> <span class='ocrx_word' id='word_1_367' title='bbox 1135 2714 1178 2751; x_wconf 91' lang='lat' dir='ltr'><strong>et</strong></span> <span class='ocrx_word' id='word_1_368' title='bbox 1215 2712 1437 2750; x_wconf 87' lang='lat' dir='ltr'><strong>mendaces</strong></span> <span class='ocrx_word' id='word_1_369' title='bbox 1469 2712 1566 2761; x_wconf 86' lang='lat' dir='ltr'><strong>quin</strong></span> <span class='ocrx_word' id='word_1_370' title='bbox 1598 2711 1779 2758; x_wconf 82' lang='lat' dir='ltr'><strong>decerpti</strong></span> 
     </span>
     <span class='ocr_line' id='line_1_40' title="bbox 95 2773 1776 2831; baseline 0.002 -18"><span class='ocrx_word' id='word_1_371' title='bbox 95 2780 99 2785; x_wconf 90' lang='grc'><strong>’</strong></span> <span class='ocrx_word' id='word_1_372' title='bbox 126 2778 182 2813; x_wconf 82' lang='lat' dir='ltr'><strong>e&#39;x</strong></span> <span class='ocrx_word' id='word_1_373' title='bbox 210 2773 384 2817; x_wconf 63' lang='lat' dir='ltr'><strong>aliorum</strong></span> <span class='ocrx_word' id='word_1_374' title='bbox 415 2776 748 2829; x_wconf 71' lang='lat' dir='ltr'><strong>philosophorum</strong></span> <span class='ocrx_word' id='word_1_375' title='bbox 776 2779 943 2831; x_wconf 78' lang='lat' dir='ltr'><strong>scriptis</strong></span> <span class='ocrx_word' id='word_1_376' title='bbox 973 2782 1232 2823; x_wconf 82' lang='lat' dir='ltr'><strong>denotantur.</strong></span> <span class='ocrx_word' id='word_1_377' title='bbox 1280 2782 1326 2820; x_wconf 88' lang='lat' dir='ltr'><strong>In</strong></span> <span class='ocrx_word' id='word_1_378' title='bbox 1358 2780 1533 2821; x_wconf 86' lang='lat' dir='ltr'><strong>eundem</strong></span> <span class='ocrx_word' id='word_1_379' title='bbox 1564 2780 1776 2818; x_wconf 84' lang='lat' dir='ltr'><strong>Platonem</strong></span> 
     </span>
     <span class='ocr_line' id='line_1_41' title="bbox 95 2837 1779 2901; baseline 0.001 -18"><span class='ocrx_word' id='word_1_380' title='bbox 95 2837 528 2895; x_wconf 51' lang='lat' dir='ltr'><strong>*cephisodorus</strong></span> <span class='ocrx_word' id='word_1_381' title='bbox 566 2848 733 2899; x_wconf 80' lang='lat' dir='ltr'><strong>scripsit</strong></span> <span class='ocrx_word' id='word_1_382' title='bbox 769 2852 875 2890; x_wconf 82' lang='lat' dir='ltr'><strong>teste</strong></span> <span class='ocrx_word' id='word_1_383' title='bbox 907 2850 1023 2892; x_wconf 80' lang='lat' dir='ltr'><strong>mon,</strong></span> <span class='ocrx_word' id='word_1_384' title='bbox 1057 2861 1121 2900; x_wconf 80' lang='lat' dir='ltr'><strong>ep,</strong></span> <span class='ocrx_word' id='word_1_385' title='bbox 1155 2850 1208 2889; x_wconf 85' lang='lat' dir='ltr'><strong>ad</strong></span> <span class='ocrx_word' id='word_1_386' title='bbox 1239 2852 1382 2901; x_wconf 87' lang='lat' dir='ltr'><strong>Pomp.</strong></span> <span class='ocrx_word' id='word_1_387' title='bbox 1415 2851 1433 2888; x_wconf 86' lang='lat'>1</span> <span class='ocrx_word' id='word_1_388' title='bbox 1459 2850 1537 2890; x_wconf 91' lang='lat' dir='ltr'><strong>sub</strong></span> <span class='ocrx_word' id='word_1_389' title='bbox 1568 2846 1637 2889; x_wconf 83' lang='lat' dir='ltr'><strong>fin.</strong></span> <span class='ocrx_word' id='word_1_390' title='bbox 1679 2845 1779 2898; x_wconf 85' lang='lat' dir='ltr'><strong>(Vl,</strong></span> 
     </span>
    </p>
   </div>
  </div>
 </body>
</html>
