1889 3015
919 56 977 104 48

256 198 450 239 Alterum
489 196 591 239 illud
633 208 771 250 genus
806 198 1006 240 historiae
1028 197 1368 249 componendae,
1405 199 1447 241 in
1477 211 1556 252 quo
1585 199 1789 241 Isocratei'

118 266 242 319 primi
271 267 562 317 versabantur,
602 278 725 317 quam
761 255 975 308 diversum
1005 267 1134 307 fuerit
1170 267 1222 307 ab
1251 266 1420 317 antiqua
1448 269 1713 321 simplicitate
1728 272 1784 311 et

118 336 347 376 venustate
376 335 572 377 Herodoti
602 336 860 386 Thucydidis
887 336 1187 388 Xenophontis,
1225 336 1307 376 iam
1348 335 1446 379 Car.
1476 337 1712 380 Muellerus
1740 339 1784 380 in

116 416 299 455 prooem.
329 403 481 456 fragm.
512 406 607 448 bist.
636 417 701 457 gr.
730 417 770 456 p.
789 406 925 446 LXIV
944 406 1091 457 paucis
1111 405 1345 457 descripsit,
1399 406 1548 457 Neque
1569 419 1661 459 nos,
1677 419 1784 460 quae

119 474 339 525 sentimus,
379 472 545 515 silentio
575 478 900 526 praetereamus.
957 476 1111 516 Puram
1149 477 1191 515 et
1221 474 1438 515 candidam
1473 464 1683 517 scribendi
1711 486 1783 519 ra-

119 543 272 583 tionem
302 543 577 583 vetustiorum
607 543 791 595 historici
813 544 1085 594 recentiores,
1116 555 1170 583 ex
1192 544 1390 585 Isocratis
1411 544 1666 585 umbraculis
1686 557 1785 597 prc-

119 611 237 661 recu,
277 611 472 652 dictionis
513 612 781 664 ornamentis,
818 611 1019 663 artificiis,
1066 612 1290 654 luminibus
1333 612 1497 664 fulgere
1539 607 1785 667 voluerunt}

118 680 259 732 itaque
290 682 403 732 apud
433 681 529 721 illos
564 682 738 723 siccitas
768 683 973 733 quedam
1003 685 1046 724 et
1074 682 1233 724 sanitas
1264 679 1308 722 et
1343 683 1507 735 integra
1536 683 1655 735 quasi
1693 675 1786 725 ser}-

119 750 255 794 mnnis
285 749 501 800 valetudo,
529 751 642 801 apud
671 752 748 791 bos
777 751 909 791 nitida
940 754 982 791 et
1010 752 1146 802 opima
1174 752 1251 792 sed
1275 751 1495 790 admodum
1518 737 1660 793 ieiuna
1689 754 1786 793 ora-

121 818 179 859 tio
208 819 431 870 reperitur.
489 820 700 859 Isocrates
729 819 908 871 quidem,
946 821 1053 859 teste
1083 819 1288 860 Cicerone
1324 820 1378 861 de
1408 831 1467 861 or.
1493 820 1568 870 111,
1599 820 1670 870 41,
1703 821 1786 862 178

120 887 281 939 primus
303 880 840 937 inconditam‘antiquorum
869 888 1037 928 dicendi
1063 888 1405 928 consuetudinem
1430 889 1612 930 numeris
1632 889 1787 930 astrin-

119 956 204 1005 xit;
244 966 449 1007 quumque
486 956 611 995 antea
648 956 882 996 venustatis
921 956 1182 1007 gracilitates
1212 976 1267 984 -
1305 957 1473 1007 Lysiam
1493 1000 1496 1003 ⁴
1514 956 1607 997 dico
1639 977 1694 988 -
1720 969 1787 1000 vex

122 1024 218 1075 ipsa
258 1023 460 1071 orationis
497 1026 648 1064 natura
682 1028 936 1076 peterentur,
976 1025 1015 1066 is
1045 1025 1202 1076 primus
1231 1025 1325 1065 eins
1353 1024 1546 1076 artificia,
1581 1036 1788 1077 quaese-

121 1093 353 1145 pbistarnm
383 1093 507 1134 nimio
539 1094 673 1134 abusu
702 1095 812 1134 male
841 1095 929 1134 tum
958 1094 1197 1144 audiebant,
1232 1093 1287 1133 ad
1325 1095 1484 1134 certum
1524 1094 1688 1135 modum
1717 1106 1787 1136 re-

122 1162 257 1205 duxit.
324 1163 475 1213 Neque
516 1163 712 1214 discipuli
750 1174 842 1203 eam
882 1163 1192 1215 praestantiam,
1240 1173 1361 1213 quam
1396 1161 1595 1213 magister
1629 1163 1784 1215 babuit,

122 1231 316 1272 assecuti
343 1233 455 1281 sunt,
486 1232 555 1281 qui
584 1229 733 1283 figurls
764 1234 807 1270 et
834 1228 1134 1273 festivitatibus
1164 1229 1322 1270 modice
1350 1240 1376 1268 a
1407 1231 1605 1281 magistro
1625 1230 1788 1287 adhibif-

122 1301 193 1351 tis,
230 1299 499 1339 immoderate
534 1299 596 1339 uti
634 1299 836 1344 solebant.
896 1300 1037 1350 Quare
1073 1310 1147 1351 pro
1179 1298 1346 1340 ossibus
1383 1300 1425 1339 et
1453 1299 1594 1340 nervis
1624 1311 1789 1343 carnem

124 1370 271 1420 solam,
312 1380 386 1420 pro
417 1368 578 1411 viribus
617 1369 815 1409 orationis
850 1368 1099 1420 sanguinem
1128 1369 1307 1418 inanem,
1335 1378 1409 1418 pro
1441 1368 1789 1420 coloregenuino

123 1438 316 1478 fucatum
333 1476 336 1479 ,
353 1437 540 1487 nitorem,
578 1448 651 1488 pro
690 1437 894 1478 munditia
929 1435 1121 1478 dictionis
1161 1436 1377 1477 candorem
1416 1436 1678 1487 splendidum
1717 1447 1791 1486 pro

125 1507 289 1557 pectine
330 1505 592 1547 calamistros
630 1506 750 1556 quasi
786 1506 830 1545 in
859 1505 1049 1546 oratione
1079 1505 1280 1545 comenda
1316 1505 1550 1547 adhibebat.
1608 1504 1789 1548 neside*

126 1576 246 1615 ratur
275 1574 442 1626 integra
470 1575 683 1625 valetudo,
712 1574 887 1626 sanguis
914 1573 1180 1625 incorruptus
1207 1573 1281 1613 ille
1310 1573 1352 1614 in
1382 1585 1461 1626 quo
1492 1573 1696 1625 naturalis
1725 1573 1791 1612 ni-

125 1646 194 1684 tor
231 1643 360 1693 inest3
403 1646 548 1682 ornate
587 1646 630 1682 et
659 1643 829 1695 copiose
858 1643 1048 1694 belloque
1078 1645 1121 1684 et
1148 1642 1303 1683 festive
1331 1642 1527 1693 scripturi
1563 1641 1633 1682 isti
1662 1640 1792 1681 verba

125 1701 235 1741 bene
270 1711 423 1746 sonare
457 1700 728 1751 suaviterque
765 1700 819 1740 ad
857 1710 983 1740 aures
1025 1700 1221 1741 accidere
1268 1698 1504 1750 voluerunt,
1550 1699 1616 1739 sic
1652 1700 1793 1738 antem

126 1768 356 1810 lenocinati
376 1768 632 1819 auriumque
661 1768 866 1820 voluptati
893 1769 1130 1810 servientes
1159 1769 1202 1809 et
1239 1767 1458 1807 verborum
1488 1769 1530 1807 et
1563 1766 1793 1807 sententia-

128 1850 222 1879 rum
259 1838 441 1889 lepores,
478 1837 681 1890 argutias,
719 1839 894 1878 delicias
922 1838 991 1877 vel
1019 1837 1158 1887 potius
1192 1836 1372 1886 ineptias
1400 1837 1628 1886 captantes,
1658 1835 1793 1893 omnia

130 1907 254 1948 nimis
284 1908 544 1958 exaggerata
583 1908 627 1946 et
672 1906 890 1946 admodum
926 1905 1082 1956 frigida
1119 1905 1405 1946 reddiderunt.
1462 1904 1708 1944 Delectabat
1750 1902 1793 1943 id

132 1987 271 2028 genus
301 1976 483 2025 dicendi,
512 1975 588 2016 sed
620 1985 713 2015 cum
744 1975 870 2015 celeri
899 1975 1107 2024 satietate,
1147 1983 1268 2025 quam
1303 1983 1475 2024 prorsus
1506 1971 1690 2023 effugere
1719 1971 1794 2027 de-
1859 1986 1864 1991 ·

133 2045 279 2095 bebat;
323 2055 496 2095 eamque
526 2044 578 2083 ob
615 2042 847 2085 satietatem
878 2042 1046 2083 fastidio
1087 2042 1265 2094 quodam
1295 2041 1436 2082 affecti
1465 2041 1510 2093 ii,
1540 2041 1610 2092 qui
1638 2040 1795 2091 scripta

131 2113 345 2165 legebant,
374 2114 429 2153 ab
456 2113 697 2154 auctoribus
725 2112 1076 2155 abalienabantur.
1135 2111 1239 2153 Inde
1268 2111 1426 2152 factum
1457 2112 1536 2163 est,
1565 2113 1612 2152 nt
1641 2121 1794 2151 memo-

136 2182 200 2224 ria
231 2194 372 2224 eorum
404 2184 628 2224 obscurata
657 2182 871 2234 paullatim
900 2192 1074 2233 prorsus
1104 2183 1392 2222 evanesceret.
