1889 3015
873 6 875 8 ’
916 30 947 74 e

90 171 131 209 in
174 170 400 216 Lochitem,
442 169 758 221 Aegineticum,
806 171 1111 220 Trapeziticum
1159 173 1273 220 post*
1300 170 1600 216 Callimachum
1646 181 1762 213 ream

91 239 249 278 factum
281 239 492 288 Sauppius
523 249 602 277 non
635 241 750 277 recte
782 239 1031 288 collocavit3
1062 239 1251 289 quamvis
1282 239 1390 279 enim
1421 244 1540 280 certo
1567 241 1766 290 temporis

92 309 298 346 momento
329 307 511 346 adscribi
543 309 765 357 nequeant,
796 308 933 346 tamen
964 307 1075 346 intra
1105 309 1170 350 01.
1204 307 1274 357 94,
1304 307 1332 346 3
1371 310 1412 347 et
1441 310 1511 357 95,
1549 311 1650 349 3:
1676 308 1766 350 402

91 376 146 413 ad
178 375 263 414 398
295 386 430 424 usque
461 376 598 415 editae
630 379 741 425 sunt,
782 376 880 424 quia
916 378 1141 425 Isocrates,
1171 376 1210 415 si
1245 386 1396 419 revera
1425 378 1573 416 schola
1601 378 1697 418 eius
1725 378 1766 417 iu

94 443 197 483 Chio
229 444 367 482 insula
398 446 544 493 aperta
584 446 662 493 est,
703 446 749 483 ut
790 446 867 494 est,
898 445 1013 484 nullo
1043 445 1124 484 alio
1154 447 1338 495 tempore
1368 456 1490 495 quarn
1518 447 1645 495 paulo
1672 447 1769 496 post

92 513 284 554 Socratis
322 515 492 551 mortem
532 512 679 563 (quam
718 524 826 551 anno
867 514 952 552 399
992 515 1083 552 atro
1121 515 1239 553 veste
1279 514 1451 554 indutus
1482 517 1582 554 ante
1613 515 1767 554 civium

94 581 241 620 oculos
277 580 441 620 luxisse
481 580 633 620 dicitur
672 583 742 621 Ps.
780 581 1005 620 Plutarcho
1051 583 1102 630 p?
1127 581 1213 621 838
1249 594 1274 621 e
1314 593 1422 622 anno
1457 582 1543 623 398
1580 583 1769 623 Athenas

93 649 317 697 reliquisse
347 650 559 700 putandus
591 653 670 691 est.
1293 694 1297 697 ξ

236 719 382 766 ltaque
412 719 555 757 nostra
586 717 669 757 fert
706 718 855 768 opinio,
887 729 1008 767 quam
1051 719 1178 758 certis
1217 719 1478 769 argumentis
1507 718 1769 759 confirmabi-

97 797 205 835 mus,
236 788 467 826 Isocratem
497 798 605 826 anno
636 788 722 826 398
751 788 855 825 urbe
881 787 1029 825 relicta
1058 798 1134 836 per
1163 790 1250 826 tres
1279 797 1408 826 annos
1427 788 1600 826 scholae
1628 789 1768 827 rheto-

96 857 213 894 ricae
244 855 357 904 apud
389 855 514 894 Chios
545 854 783 904 praefuisse
814 857 856 894 et
885 865 993 895 anno
1025 855 1110 894 395
1141 856 1334 895 Athenas
1360 855 1531 899 rediise.

236 924 292 961 Et
321 923 497 972 primum
530 923 706 972 quidem,
739 923 844 972 quod
877 935 995 962 nemo
1028 924 1165 962 adhuc
1189 924 1305 973 vidit,
1336 924 1530 974 discipuli
1561 925 1629 973 qui
1658 925 1771 974 prio-
1853 962 1855 966 ,

96 1004 166 1031 res
197 993 248 1030 ab
279 993 369 1040 ipso
399 994 670 1040 praeceptore
702 993 743 1031 in
776 1003 835 1034 or.
866 993 960 1041 XV,
995 994 1050 1031 93
1082 993 1360 1042 perhibentur,
1390 994 1617 1040 Eunomus,
1648 993 1768 1040 Lysi-

97 1061 250 1109 thides,
282 1060 514 1110 Callippus,
547 1072 626 1099 non
652 1061 733 1100 nisi
766 1061 1011 1110 Olympiade
1034 1063 1101 1109 96,
1134 1062 1285 1110 quique
1305 1062 1558 1111 posteriores
1587 1072 1771 1112 sequun-

97 1136 165 1169 tur
197 1131 368 1178 Onetor,
392 1130 599 1177 Anticles,
625 1131 879 1179 Philonides,
906 1130 1172 1178 Philomelus,
1199 1130 1533 1180 charmantides,
1563 1140 1772 1180 nunquam

99 1199 178 1238 nisi
212 1198 276 1241 01.
301 1197 356 1237 95
380 1198 534 1237 eruditi
566 1210 661 1237 esse
686 1201 883 1249 possunt3
917 1198 1026 1248 quod
1055 1198 1098 1237 in
1123 1199 1310 1237 Eunomo
1342 1201 1384 1238 et
1403 1199 1630 1239 Philomela
1662 1191 1774 1239 nunc

98 1267 344 1306 accuratius
376 1268 511 1315 quoad
543 1266 633 1306 fieri
666 1269 768 1316 quit,
799 1267 1134 1317 argumentabor.
1196 1268 1410 1305 Eunomus
1446 1268 1516 1305 ille
1556 1267 1663 1306 idem
1695 1270 1771 1313 est,

99 1336 169 1385 qui
201 1346 296 1374 cum
329 1335 608 1385 Aristophane
643 1337 684 1373 et
714 1336 855 1385 Lysia,
892 1335 928 1374 si
963 1335 1087 1373 lectio
1125 1334 1232 1384 apud
1274 1335 1437 1383 Lysiam
1478 1347 1535 1378 or.
1567 1335 1685 1385 xlx,
1719 1337 1771 1376 19

99 1407 265 1455 integra
296 1407 371 1453 est,
403 1408 578 1444 auctore
609 1404 778 1444 conone
809 1405 860 1442 ad
893 1404 1135 1452 Dionysium
1167 1403 1339 1443 Siciliae
1370 1409 1587 1453 tyrannum
1620 1405 1771 1444 missus

101 1477 179 1525 est,
218 1485 338 1523 quem
369 1472 500 1523 legati
531 1483 557 1511 a
588 1473 1015 1512 Lacedaemoniorum
1057 1472 1195 1511 studio
1226 1476 1449 1512 avocatum
1480 1474 1520 1512 in
1551 1473 1771 1512 familiari-

99 1547 227 1582 tatem
251 1541 578 1591 affinitatemque
603 1543 826 1592 Evagorae
850 1542 1078 1591 cyprorum
1098 1541 1222 1591 'regis
1242 1542 1513 1583 insinuarent.
1574 1544 1615 1580 Is
1645 1554 1774 1592 regno

98 1613 258 1661 potitus
290 1613 355 1649 est
387 1610 452 1651 01.
485 1611 554 1658 97,
586 1612 688 1648 2--;
716 1610 794 1648 391
832 1608 976 1660 (Diod.
1008 1610 1124 1660 xlv,
1156 1609 1247 1658 98),
1279 1609 1407 1660 legati
1440 1610 1566 1659 igitur
1597 1610 1664 1648 vel
1695 1611 1774 1649 hoc

101 1680 191 1730 ipso
231 1690 341 1718 anno
381 1680 449 1719 vel
480 1681 695 1729 sequente,
737 1690 882 1727 nempe
912 1681 1010 1717 ante
1040 1679 1333 1729 Aristophanis
1364 1679 1627 1729 supplicium,
1666 1679 1774 1729 quod

100 1750 279 1788 Athenis
315 1759 354 1789 a.
390 1749 473 1787 389
511 1747 636 1786 subiit
668 1746 847 1796 profecti
879 1749 990 1789 sunt.
1051 1748 1164 1786 Idem
1197 1747 1266 1785 ille
1303 1748 1517 1785 Eunomus
1546 1757 1653 1785 anno
1689 1748 1775 1788 388

101 1818 227 1866 paulo
252 1820 350 1855 ante
378 1816 629 1855 Antalcidae
662 1826 809 1865 pacem
836 1816 924 1854 dux
950 1816 1094 1854 decem
1127 1815 1295 1854 navium
1325 1815 1436 1865 apud
1462 1816 1774 1865 Xenophontem

102 1888 144 1925 in
169 1886 266 1926 hell.
292 1887 343 1933 V,
366 1886 404 1935 1,
421 1886 448 1923 5
470 1896 559 1934 sqq.
583 1886 810 1934 reperitur3
842 1895 1063 1933 quumque,
1093 1887 1139 1922 ut
1170 1895 1245 1933 par
1270 1887 1347 1932 est,
1380 1884 1558 1922 oratoria
1589 1885 1681 1923 eius
1712 1885 1776 1922 in-

103 1955 265 1994 stitutio
291 1956 388 1992 ante
415 1954 572 1992 aditum
602 1954 655 1992 ad
681 1953 978 2002 rempublicam
1008 1953 1062 1991 sit
1086 1952 1290 2001 ponenda,
1307 1952 1392 2001 jam
1420 1953 1459 1991 in
1489 1952 1554 1994 01.
1572 1953 1773 2000 92,2-4

103 2037 160 2057 z
191 2023 422 2062 395-393
454 2023 579 2072 cadit,
612 2034 691 2072 quo
723 2023 813 2072 ipso
844 2024 1026 2071 tempore
1059 2022 1180 2060 etiam
1212 2022 1450 2070 Lysithides
1482 2024 1523 2060 et
1548 2021 1777 2071 Callippus,

105 2093 218 2131 illius
250 2093 425 2130 Eunomi
458 2093 657 2141 aequales
687 2094 729 2131 et
759 2092 1047 2140 condiscipuli,
1079 2091 1279 2130 Isocratis
1299 2091 1570 2130 vetustissimi
1594 2090 1777 2130 familia-

104 2172 173 2199 res
205 2160 442 2211 (Demosth.
475 2172 512 2210 p.
548 2160 670 2209 1240,
703 2171 762 2202 or.
792 2161 922 2201 Isocr.
953 2161 1049 2208 XV,
1080 2158 1175 2209 93),
1208 2161 1307 2200 sunt
1337 2159 1501 2201 eruditi.

245 2230 376 2267 Paulo
407 2231 502 2278 post
522 2229 774 2267 Philomelus
807 2228 1054 2283 disciplinae
1078 2238 1243 2276 operam
1269 2228 1396 2274 dedit,
1435 2228 1503 2276 qui
1542 2226 1652 2264 alius
1682 2227 1778 2265 nnl-

106 2299 173 2337 lus
205 2300 281 2347 est,
320 2309 441 2347 quam
473 2298 758 2346 Paeaniensis,
798 2296 919 2336 cuius
950 2296 1195 2336 trierarchia
1232 2296 1274 2335 in
1305 2296 1503 2335 Boeckhii
1534 2296 1778 2334 Seeurkun-

107 2368 188 2405 den
218 2369 273 2416 ll,
304 2368 331 2408 1.
364 2369 419 2406 90
449 2368 795 2406 commemoratur
835 2364 967 2416 (quod
1006 2365 1054 2403 ob
1087 2365 1275 2404 meritum
1317 2366 1370 2403 de
1411 2364 1584 2421 civitate
1612 2364 1778 2413 publice

108 2437 331 2475 coronatus
373 2437 449 2485 est,
495 2436 548 2477 Is.
588 2435 684 2483 XV,
722 2432 828 2485 94);
867 2435 935 2484 qui
974 2436 1075 2474 tunc
1115 2434 1310 2484 temporis
1348 2433 1480 2482 magis
1520 2433 1628 2474 bona
1667 2432 1779 2474 fama

109 2515 229 2553 quam
261 2505 419 2544 divitiis
451 2504 616 2543 fructus
648 2506 758 2553 apud
791 2505 957 2552 Lysiam
988 2505 1028 2542 in
1061 2515 1119 2543 or.
1151 2504 1267 2551 XlX,
1303 2502 1354 2542 15
1385 2513 1556 2541 uxorem
1581 2502 1670 2550 jam
1700 2503 1780 2541 du-

108 2575 255 2621 xerat3
297 2573 479 2618 Lysiaca
522 2583 571 2611 ea
613 2572 744 2610 oratio
785 2583 893 2611 anno
926 2572 1009 2610 387
1041 2571 1179 2609 habita
1210 2575 1275 2609 est
1312 2569 1392 2621 (cf.
1425 2566 1671 2609 Hoelscheri
1702 2570 1778 2610 vit.

109 2644 208 2690 Lys.
240 2651 278 2689 p.
311 2639 416 2690 93);
447 2642 559 2679 unde
590 2643 764 2690 apparet
793 2641 1060 2679 Philomelum
1094 2641 1207 2678 circa
1237 2640 1397 2678 initium
1430 2639 1494 2679 01.
1525 2639 1580 2676 97
1610 2639 1780 2681 scholae

109 2711 350 2749 Isocrateae
384 2708 637 2750 interfuisse.
697 2710 841 2759 Itaque
872 2710 969 2748 inde
1000 2710 1050 2747 ab
1091 2709 1155 2749 01.
1188 2710 1256 2758 96,
1296 2710 1324 2747 2
1353 2706 1533 2747 Athenis
1563 2709 1778 2748 versatum

111 2780 339 2818 Isocratem
371 2777 577 2829 vidimus;
618 2788 749 2827 neque
780 2778 833 2816 iis
866 2777 934 2827 qui
973 2781 1205 2827 sequuntur
1244 2776 1365 2821 arinis
1397 2775 1464 2819 01.
1494 2775 1551 2815 98
1594 2776 1781 2827 peregri-

679 2979 1889 3015 *———-.--.--—-—ffl
