1889 3015
926 69 985 112 20

114 201 291 262 πατρὸς
320 206 379 260 (s.
412 204 690 258 Πασίωνος).
761 206 944 249 Causam
977 208 1155 261 Callippi
1193 210 1537 251 Heracleotarum
1566 208 1789 267 προξένου

115 277 430 327 studiorumque
461 277 565 319 socii
596 277 837 327 Lysithides
868 271 1096 332 διαιτητὴς
1123 280 1231 331 plus,
1270 289 1389 329 quam
1421 280 1557 320 virum
1585 280 1786 332 probissi-

114 357 224 385 mum
267 357 307 396 p.
343 347 455 387 1244
485 345 640 397 decuit,
678 359 702 387 e
741 359 787 388 re
818 348 943 388 amici
972 348 1190 390 iudicavit.
1257 350 1370 401 Inter
1399 349 1623 392 ditissimos
1653 353 1789 392 Athe-

113 416 286 455 nienses
316 416 560 467 habebatur,
590 417 650 456 ita
679 418 725 456 ut
755 417 1001 467 symmoriae
1023 418 1250 458 attributus
1282 416 1424 470 (Dem.
1449 430 1508 461 or.
1530 419 1580 459 21
1613 431 1652 470 p.
1677 418 1787 472 565)

114 485 389 525 trierarchiae
421 498 593 526 munere
623 486 885 537 fungeretur.
944 487 1111 527 Navem
1141 488 1351 528 exstruxit
1385 498 1468 528 una
1498 498 1594 528 cum
1622 490 1788 530 Arche-

113 554 179 592 bio
209 564 318 594 anno
350 555 449 605 355,
482 565 561 604 qua
592 555 658 595 usi
689 556 923 595 Androtion
954 557 1130 606 eiusque
1159 556 1263 597 socii
1294 557 1335 596 in
1358 556 1523 597 Cariam
1551 556 1681 608 legati
1711 568 1786 596 na·

112 623 316 673 vigabant
344 624 487 675 (Dem.
518 635 579 667 or.
610 624 666 664 24
698 625 740 664 in
772 625 948 667 Timocr.
985 637 1028 675 p.
1060 627 1144 666 '703
1184 626 1239 667 ct’.
1270 624 1478 678 hypoth.).
1536 627 1676 677 Atque
1704 626 1789 666 huc

111 693 374 741 potissimum
405 694 614 733 Isocrates
645 694 672 735 1.
698 704 734 734 c.
765 695 808 732 in
840 695 1028 734 oratione
1059 694 1112 734 de
1139 694 1442 744 permutatione
1473 695 1637 735 duobus
1666 693 1788 735 annis

110 764 207 809 post
238 760 376 813 (353)
408 763 522 802 edita
553 764 786 812 spectabat,
828 764 896 813 qui
928 763 1074 802 merita
1104 760 1184 803 viri
1216 763 1407 804 ditissimi
1438 766 1481 802 et
1514 762 1716 805 beneficia
1745 764 1789 803 in

110 830 327 878 publicum
368 832 522 870 collata
565 832 820 880 perhibebat.
882 832 958 869 Ille
998 832 1104 870 enim
1136 831 1246 871 civis
1276 832 1594 872 liberalissimus
1624 832 1666 871 in
1696 843 1787 871 om·-

112 898 228 937 nium
260 911 331 938 ore
362 900 626 949 versabatur,
667 910 797 949 quare
836 900 1089 939 Anaximeni
1138 901 1208 940 vel
1237 903 1456 958 Anongmo
1491 902 1704 941 Isocrateo
1744 900 1788 952 ig

111 971 202 1006 arte
232 969 338 1010 rhet.
382 980 420 1009 c.
454 969 474 1008 1
510 969 768 1008 notissimum
811 980 959 1008 nomen
990 970 1099 1008 inter
1122 969 1291 1039 Judices
1328 971 1371 1008 in
1410 971 1597 1020 exemplo
1626 969 1788 1021 figurae

113 1036 333 1075 cuiusdam
371 1022 632 1076 rfffficae
646 1022 873 1075 861ἷίΒῖτῖ
875 1018 1247 1086 1ιῖυιῑ,ἶαιρρο
1243 1023 1350 1087 quod
1383 1038 1523 1078 statim
1554 1048 1673 1077 nemo
1703 1049 1785 1077 non

110 1105 377 1155 intelligeret.
439 1106 614 1145 Isocrati
652 1115 818 1154 operam
857 1106 972 1144 dedit
1010 1105 1076 1148 Ol.
1117 1108 1172 1145 96
1210 1106 1319 1146 inter
1347 1107 1507 1156 priores
1544 1106 1786 1157 discipulos.

110 1172 278 1212 Sodaiis
311 1173 402 1212 eius
430 1176 598 1223 praeter
628 1174 859 1212 Eunomum
889 1173 971 1212 fuit
1001 1174 1125 1212 etiam

205 1240 207 1242 ’
251 1244 327 1285 111.
380 1240 589 1297 Gallippns,
612 1243 897 1293 Atheniensis,
924 1243 1085 1284 civibus
1109 1243 1455 1284 Heracleotarum
1475 1236 1693 1299 πρόξενος
1719 1242 1785 1283 in-

108 1309 284 1352 stitutus
323 1310 466 1363 (Dem.
496 1312 539 1350 in
572 1311 677 1352 Call.
710 1311 739 1360 θ
770 1312 813 1354 5.
844 1313 884 1354 9.
915 1311 971 1352 cf.
1002 1310 1083 1362 25)
1123 1322 1207 1351 una
1244 1323 1338 1352 cum
1380 1312 1645 1352 Archebiade
1683 1321 1786 1361 quo-

111 1380 208 1419 dam
240 1392 296 1419 ex
326 1382 446 1420 demo
475 1378 736 1434 Λαμπτραί
763 1381 833 1430 qui
863 1383 1044 1420 vocatur
1073 1380 1154 1433 (cf.
1177 1383 1377 1431 Harpocr.
1408 1393 1442 1423 s,
1466 1378 1535 1430 V.)
1570 1380 1786 1428 oriundus,

113 1446 144 1494 S
174 1447 244 1489 28.
276 1448 332 1489 cf.
364 1451 391 1488 3
424 1459 551 1498 quare
583 1460 636 1487 ne
676 1449 912 1488 confundas
956 1461 1049 1489 eum
1089 1460 1183 1488 cum
1222 1450 1473 1488 Paeaniensi
1512 1449 1679 1487 rhetore
1718 1457 1785 1498 ap.

110 1517 228 1556 Dem.
269 1528 308 1566 p.
340 1517 397 1558 87
429 1528 522 1557 cum
563 1517 693 1559 schol.
725 1518 1007 1567 Lamptrensis
1038 1518 1145 1556 enim
1185 1518 1254 1557 ille
1284 1517 1537 1565 Lysithides‚
1574 1516 1786 1566 Isocratis,

110 1586 300 1635 Apharei
329 1586 491 1627 amicus
524 1588 586 1625 est
618 1584 683 1636 (p.
718 1585 869 1637 1240),
901 1589 1044 1626 contra
1062 1597 1183 1636 quem
1209 1586 1512 1626 Demosthenes
1536 1584 1788 1634 Apollodoro

109 1653 306 1694 Pasionis
347 1656 578 1705 trapezitae
607 1653 691 1693 filio
730 1656 959 1694 orationem
988 1666 1027 1697 a.
1066 1656 1151 1694 369
1181 1654 1361 1704 scripsit.
1419 1653 1566 1693 Laude
1595 1648 1786 1693 boni'ci-

112 1722 178 1760 vis
215 1722 297 1773 (cf.
328 1725 445 1764 Dem.
488 1734 526 1772 p.
558 1724 642 1762 960
673 1721 761 1772 sq.)
804 1726 844 1762 et
882 1723 1055 1762 facundi
1092 1723 1175 1761 viri
1212 1723 1324 1771 apud
1361 1722 1584 1771 populares
1621 1721 1787 1761 fructus

113 1793 190 1837 est,
221 1792 247 1831 1.
280 1802 316 1833 c.
350 1791 380 1839 §
414 1792 431 1830 1
479 1793 607 1840 atque
644 1791 747 1830 illud
778 1786 1032 1843 δυνάμενος
1069 1788 1213 1831 εἰπεῖν
1233 1800 1345 1829 veum
1384 1790 1641 1828 Isocrateum
1670 1789 1790 1829 nobis

112 1860 287 1903 indicat.
360 1860 422 1901 Ob
461 1860 748 1899 trierarchiam
800 1860 879 1899 rite
917 1860 1246 1900 administratam
1284 1858 1446 1908 aliaque
1485 1857 1538 1896 de
1573 1857 1789 1908 republica

114 1929 263 1968 merita
295 1940 389 1968 cum
420 1930 609 1967 Eunomo
643 1930 685 1967 et
714 1928 935 1977 Lysithide
967 1931 1189 1969 coronatus
1220 1928 1302 1977 est;
1341 1937 1474 1976 neque
1506 1925 1663 1967 diutius
1692 1927 1787 1976 glo—

111 1998 176 2036 ria
207 2000 248 2037 et
278 1998 367 2036 vita
397 1998 457 2036 uti
478 1998 626 2046 potuit,
659 2006 752 2035 nam
771 2008 850 2046 quo
877 2000 1059 2046 tempore
1085 1997 1216 2036 oratio
1238 1995 1529 2038 Demosthenis
1556 2005 1631 2044 pro
1652 1995 1787 2033 Phor·

110 2065 249 2104 mione
280 2066 420 2104 habita
452 2068 531 2113 est,
563 2065 780 2113 Callippus
802 2066 844 2103 in
866 2066 1011 2105 Sicilia
1042 2063 1123 2115 (cf.
1148 2076 1189 2113 p.
1214 2061 1324 2113 960)
1353 2074 1439 2102 rem
1461 2073 1661 2112 prospere
1685 2073 1786 2114 ges-

112 2134 168 2173 sit
202 2133 266 2173 01.
302 2134 398 2181 106,
429 2134 457 2173 4
487 2146 544 2169 =
574 2132 658 2172 353
692 2131 772 2182 (cf.
806 2134 927 2174 Diod.
953 2133 1069 2181 XVI,
1094 2130 1176 2182 31)
1206 2132 1331 2181 paulo
1360 2133 1452 2180 post
1479 2141 1582 2169 vero
1610 2130 1701 2180 ipse
1721 2130 1787 2169 in-

110 2203 339 2252 teremptus
367 2203 444 2253 est,
479 2202 591 2243 Plut.
618 2200 737 2242 Dion.
764 2200 834 2251 58,
859 2200 929 2240 ubi
946 2199 1158 2252 Rhegium
1176 2200 1360 2251 ceperat,
1376 2198 1498 2240 Diod.
1513 2196 1628 2249 XVI,
1644 2196 1715 2239 45.
1733 2216 1787 2225 —-

112 2270 310 2310 Ceterum
342 2271 378 2311 si
410 2271 519 2310 idem
552 2272 616 2310 est
647 2268 867 2319 Callippus
898 2270 1139 2310 Isocrateus
1171 2270 1214 2308 et
1242 2268 1280 2309 is
1311 2267 1379 2317 qui
1409 2267 1452 2307 in
1481 2266 1626 2307 Sicilia
1656 2266 1787 2317 dege-

111 2340 196 2386 bat,
229 2339 334 2388 quod
365 2340 615 2378 addubitare
645 2339 864 2386 noluerim,
896 2339 1029 2378 virtus
1053 2340 1094 2376 et
1117 2338 1303 2386 probitas
1325 2336 1419 2384 viri,
1450 2346 1571 2384 quam
1601 2335 1691 2384 ipse
1720 2333 1787 2374 af-

112 2408 316 2455 fectabat,
348 2407 511 2446 incerta
542 2409 585 2445 et
614 2406 740 2445 dubia
769 2406 863 2447 fuit.
922 2407 1031 2445 Nam
1063 2406 1243 2445 callidus
1274 2406 1315 2443 et
1345 2403 1653 2451 fraudulentus,
1684 2411 1789 2452 qua-

113 2478 165 2514 lis
196 2478 236 2514 in
269 2476 541 2525 Appollodori
573 2486 704 2515 causa
736 2475 982 2523 ostenditur,
1016 2475 1137 2514 etiam
1165 2475 1257 2512 sine
1281 2473 1368 2511 ulla
1390 2470 1473 2510 fide
1503 2482 1555 2511 ac
1584 2471 1786 2522 religione

113 2546 321 2584 amicitiae
354 2543 662 2585 sanctissimum
695 2544 908 2583 vinculum
938 2543 1115 2593 turpiter
1145 2541 1344 2591 foedavit,
1379 2541 1449 2590 qui
1479 2540 1653 2579 Dionem
1682 2538 1786 2577 ami-

114 2625 209 2652 cum
242 2613 383 2663 gladio
410 2613 642 2662 jugularet,
673 2615 721 2651 ut
750 2613 1115 2660 Syracusanorum
1143 2610 1419 2660 principatum
1445 2608 1662 2649 obtineret.
1701 2607 1787 2647 Sed

114 2684 220 2721 Xlll
252 2681 460 2720 mensibus
490 2684 584 2731 post
613 2682 716 2720 urbe
748 2680 921 2730 ejectus,
962 2680 1086 2720 cuius
1124 2679 1339 2718 civitatem
1376 2677 1455 2718 sibi
1498 2674 1788 2716 vindicaverat

113 2752 269 2800 (quare
308 2748 622 2797 ‚‚Syracusius“
653 2749 828 2787 Diodoro
858 2749 974 2796 XVI,
1014 2748 1069 2787 45
1109 2745 1310 2797 vocatus)
1340 2747 1486 2795 postea
1516 2754 1554 2786 a.
1594 2745 1679 2785 850
1710 2755 1787 2783 ne-

114 2821 269 2869 quitiae
300 2828 459 2869 poenas
490 2816 567 2856 luit
598 2817 805 2858 sociorum
837 2816 983 2857 fraude
1016 2816 1301 2859 obtruncatus.
1348 2812 1414 2856 Cf.
1445 2812 1700 2865 Wesseling.
1732 2809 1785 2850 ad
