1889 3015
904 120 961 165 37

239 255 395 313 x'xlv.
444 262 647 335 lucratu,
676 260 954 314 Apolloni-ta,
970 259 1577 326 Qgfflmimfiltus,
1606 261 1750 300 rhetor

105 331 272 394 praeter
300 336 512 377 Platonem
540 346 566 375 e
738 332 921 371 ocntem
950 330 1243 370 Atheniensem
1270 328 1447 380 audivit,
1477 330 1600 370 cuius
1628 328 1753 369 fami—

105 407 350 451 liarissimus
380 407 423 445 et
450 411 673 472 sgccessor
700 400 742 440 in
778 399 923 440 schola
958 398 1310 456 regendafactng
1340 397 1753 456 Qsmdas

103 490 140 521 s.
169 487 211 519 v.
253 476 294 515 et
322 476 458 517 Anon.
488 473 564 514 vit.
603 471 660 512 Is.
697 479 737 520 p.
767 469 829 509 XI
856 468 1127 512 tradiderunt.
1207 467 1363 508 Acrius
1397 468 1440 507 in
1478 480 1572 509 eum
1598 445 1754 508 m-

105 546 316 596 quinatum
347 545 395 599 ²¹²⁷
416 541 629 583 sordidum
656 538 881 588 sophistam
912 538 1063 577 melum
1095 535 1353 587 eloquentiae
1378 539 1588 577 auctorem
1618 547 1754 587 neque

105 614 288 665 dignum,
319 610 388 662 qui
415 609 588 651 scholae
616 607 783 657 praesit,
813 608 990 657 scriptor
1020 619 1084 657 ep.
1115 608 1234 647 Socr.
1265 606 1322 646 30
1351 616 1392 655 p.
1422 606 1479 645 38
1510 606 1638 648 Orell.
1659 605 1754 645 ani-

107 681 343 722 madvertit.
359 676 436 728 ²⁹)
484 677 566 716 Hic
579 677 801 726 Isocrates,
824 678 872 714 ut
894 675 975 714 iam
1001 685 1129 725 supra
1144 677 1410 713 memoratum
1425 676 1502 721 est,
1525 675 1755 713 cum'l'heo-

106 751 243 798 decte,
270 749 542 798 Theopompo,
562 745 778 786 Naucrate
794 742 1042 784 laudationis
1069 743 1257 784 funebris
1280 743 1584 808 certameQ
1576 743 1757 783 Mausoli

106 816 294 866 exequiis
323 827 363 859 s.
393 815 474 855 351
508 814 612 855 iniit.
678 813 832 852 Errant
860 822 954 852 cnm
983 812 1232 851 Ruhnkenio
1262 822 1301 861 p.
1332 810 1402 859 84,
1432 811 1502 859 qni
1534 794 1759 850 Ιεοῖηῗῖὦ

107 884 418 935 Atheniensem,
449 882 517 934 qui
546 891 755 933 nunquam
783 882 823 921 in
853 881 1058 932 publicum
1087 880 1252 931 prodiit,
1283 890 1391 920 anuo
1412 879 1610 920 LXXXV
1638 882 1759 920 aeta-

105 954 176 1002 tis,
204 954 246 992 in
278 954 457 992 omnium
485 950 669 1001 gentium
702 953 909 989 conventu
928 950 981 989 de
1006 953 1209 1000 suggestu
1238 950 1420 988 locutum
1444 960 1542 988 esse
1562 950 1758 998 credant;

107 1019 214 1071 qu'od
253 1020 333 1059 iam
372 1018 532 1060 Gellius
567 1017 829 1058 addubitavit
866 1018 919 1067 X,
951 1017 1018 1061 18.
1077 1017 1226 1068 Neque
1266 1017 1590 1057 controversiam
1620 1018 1757 1057 Theo-

105 1099 276 1139 pompus
307 1089 470 1138 dirimit,
501 1110 556 1117 -
586 1090 634 1127 ut
661 1088 938 1138 Ruhnkenius
968 1087 1073 1136 vult,
1103 1109 1158 1115 —
1194 1087 1273 1126 nisi
1300 1086 1408 1126 forte
1437 1088 1589 1135 credis,
1629 1087 1760 1126 disci-

104 1157 245 1208 pulum
273 1167 340 1208 sp.
371 1157 569 1208 Porphyr.
600 1157 642 1195 in
673 1156 828 1197 Euseb.
858 1157 1005 1206 Praep.
1036 1155 1115 1197 Ev.
1146 1155 1188 1194 X
1216 1166 1256 1205 p.
1287 1153 1373 1194 4⁶4
1404 1154 1441 1195 C
1468 1155 1641 1207 gloriari
1671 1166 1759 1195 ma-

105 1227 278 1277 gistrum
307 1239 333 1266 a
361 1240 409 1269 se
428 1228 610 1275 -victum,
639 1227 735 1275 quia
771 1237 942 1277 prorsus
982 1226 1189 1264 orationes
1230 1226 1380 1264 hebere
1422 1225 1642 1267 destiterit.
1701 1230 1760 1266 At

106 1296 187 1334 hoc
206 1295 369 1345 quidem
384 1295 587 1345 ineptum;
605 1293 703 1333 mihi
715 1295 923 1334 Isocrates
945 1293 1071 1332 maior
1086 1294 1362 1333 laudationem
1380 1293 1615 1344 scripsisse,
1632 1293 1761 1335 disci·
1788 1308 1798 1361 g

107 1363 314 1413 pulusque
345 1363 608 1414 Apollonistu
639 1373 730 1402 eam
758 1373 832 1412 pro
861 1365 1129 1412 praeceptore
1151 1362 1322 1412 dixisse,
1352 1363 1426 1403 sed
1457 1364 1759 1414 aTheopompo
1789 1362 1798 1404 l

110 1432 248 1472 victus
278 1443 388 1472 esse·
402 1431 579 1473 videtur.
595 1428 671 1483 ³⁰)

245 1503 381 1545 XXV.
429 1498 691 1553 Anaxagoras,
720 1501 870 1541 rhetor.
922 1500 1042 1552 Diog.
1081 1502 1128 1543 L.
1159 1502 1213 1548 11,
1247 1501 1323 1541 15:
1359 1495 1568 1552 γεγόνασι
1600 1498 1651 1542 δὲ
1685 1504 1764 1542 καὶ

111 1563 241 1610 ἄλλοι
266 1573 383 1624 τρεῖς
409 1562 720 1624 Ἀναξαγόραι,
761 1560 798 1625 ᾧ
826 1563 876 1608 ἐν
903 1561 1055 1608 ου’δενὶ
1082 1562 1263 1609 πάντα·
1300 1562 1398 1608 ἄλλ’
1429 1562 1455 1609 ὅ
1482 1567 1567 1622 μὲν
1595 1563 1653 1624 ἦν
1683 1566 1761 1625 ῥῆ-

107 1650 195 1693 τωρ
220 1631 521 1693 Ἰσοκράτειος,
550 1650 653 1678 vera
682 1638 859 1677 lectione
888 1649 943 1677 ex
974 1633 1011 1690 ῥ.
1033 1631 1312 1688 §movit-2009
1339 1639 1549 1681 restituta.
1580 1641 1641 1679 De
1674 1642 1763 1679 vita

115 1710 156 1746 et
186 1706 336 1746 studiis
365 1706 476 1746 iilius
506 1706 607 1745 nihii
636 1716 811 1756 usquam
842 1707 1017 1757 constat,
1045 1716 1179 1755 neque
1208 1705 1322 1745 aliud
1344 1706 1564 1757 quidquam
1584 1708 1653 1748 hic
1680 1709 1762 1749 ad-

117 1776 248 1817 hiberi
278 1777 428 1826 potest,
461 1786 582 1826 quam
613 1776 720 1826 quod
749 1775 975 1825 Mensgius
1005 1774 1057 1813 ad
1087 1775 1206 1825 Diog.
1235 1775 1262 1816 Ι.
1294 1786 1331 1819 c.
1357 1776 1455 1816 huic
1483 1778 1631 1816 librum
1660 1780 1766 1833 περὶ

112 1839 340 1898 βασιλείας
368 1844 420 1884 ab
449 1844 626 1885 Aeliano
656 1853 747 1886 var.
767 1843 807 1882 h.
838 1843 911 1893 lv,
933 1842 987 1883 14
1020 1846 1392 1896 commemoratum,
1421 1846 1626 1898 Bergkius
1647 1849 1764 1887 Ana-

113 2029 238 2062 iuncta
270 2029 391 2065 coluit.
424 2028 516 2062 alter
539 2026 807 2072 Sibyl-tius,
830 2025 1050 2061 Theodectis
1074 2028 1191 2069 petris
1215 2029 1331 2063 lector
1352 2032 1389 2063 et
1413 2038 1554 2067 servus.
1586 2032 1646 2074 qui
1670 2032 1764 2065 inter

119 2086 225 2129 ipsos
250 2094 383 2121 servos
414 2087 554 2128 primus
577 2086 692 2119 artem
718 2084 953 2127 sophisticam
979 2093 1001 2117 a
1025 2085 1170 2118 domino
1195 2084 1402 2120 Theodecte
1425 2088 1461 2120 ei
1485 2087 1653 2120 traditam
1680 2098 1762 2130 pro-

115 2145 240 2177 fessus
265 2145 336 2182 est,
361 2144 564 2187 artiumque
586 2143 702 2177 libros
726 2143 763 2176 et
786 2141 1071 2176 declamationes
1088 2143 1125 2176 et
1146 2143 1325 2186 epistolas
1350 2145 1582 2187 conseripsit.
1606 2144 1707 2181 Snid.
1731 2156 1764 2181 s·

110 2209 147 2234 v.
177 2210 258 2233 cum
283 2198 481 2233 Bernhard.
506 2201 629 2234 annot.
655 2200 814 2233 Eudocia
837 2208 872 2241 p.
893 2199 976 2232 381.

252 2256 312 2299 ²⁸)
338 2254 406 2290 τόν
428 2252 471 2290 δὲ
494 2254 683 2290 Ποντικόν
702 2252 881 2302 μαθητήν
911 2254 1059 2299 (nempe
1083 2256 1364 2292 Heracleensem
1396 2259 1455 2293 vel
1479 2258 1763 2302 Apolloniatem,

114 2316 208 2361 quod
234 2314 371 2357 oppida
395 2314 431 2346 in
446 2313 564 2348 Ponto
590 2313 681 2356 sint)
705 2309 873 2350 α’πὲδειξε
895 2314 957 2355 τῆς
969 2309 1086 2347 αὕτοῦ·
1108 2314 1244 2359 σοφίας
1258 2311 1458 2361 διάδοχον,
1475 2309 1522 2350 οὗ
1545 2313 1591 2350 οὐ
1602 2313 1763 2355 πολλοῦς

108 2372 330 2418 τεθεαμένος
352 2367 535 2415 σοφισταῖς
557 2367 833 2419 βδολυρώτερον
855 2366 931 2416 ⁰¹31(
953 2366 1129 2417 ἑώρακας.
1176 2372 1287 2407 Teste
1319 2371 1441 2414 Sinda,
1472 2372 1655 2407 Isocrates
1680 2373 1762 2407 Pla·

112 2431 212 2464 tonis
245 2438 387 2474 quoque
412 2429 554 2463 auditor
583 2430 662 2469 fuit,
693 2438 798 2473 quem
831 2438 938 2472 quum
964 2429 1173 2473 reliquisset
1202 2430 1375 2464 invidiam
1400 2429 1703 2466 Academicorum
1727 2433 1765 2466 et

111 2489 231 2529 ipsius
252 2485 450 2529 Speusippi
473 2503 515 2510 -
541 2487 722 2528 epistolae
745 2487 906 2521 auctoris
929 2501 976 2510 ·-
998 2488 1072 2520 sibi
1096 2488 1277 2521 conflavit.

256 2540 316 2585 ⁸⁰)
340 2543 495 2578 Iuvenili
517 2545 593 2577 tum
617 2544 728 2579 fuerit
742 2545 862 2579 aetate
876 2545 939 2584 ita,
964 2544 1003 2577 ut
1026 2544 1084 2578 vir
1098 2545 1176 2579 fere
1198 2545 1297 2580 XLV
1320 2557 1497 2581 annorum
1513 2548 1764 2592 magisterium

113 2603 160 2635 ab
183 2601 347 2637 Isocrate
370 2603 572 2644 acceperit:
597 2611 717 2646 neque
740 2602 930 2646 explorare
954 2611 1167 2645 possumus,
1200 2615 1269 2647 quo
1294 2614 1408 2648 usque
1432 2604 1595 2639 scholam
1621 2607 1765 2646 rexerit,

116 2668 224 2701 quum
250 2659 295 2692 de
320 2667 365 2691 ea
387 2659 474 2701 post
497 2659 596 2694 iliius
620 2660 774 2693 mortem
799 2660 922 2692 omnia
943 2660 1157 2694 testimonia
1182 2661 1343 2694 veterum
1369 2662 1502 2696 desint.
1550 2662 1765 2696 Orationum

112 2716 209 2749 tituli
232 2718 388 2761 quinque
419 2717 456 2750 in
481 2714 592 2750 Suids
616 2717 773 2756 exstant,
804 2726 923 2761 neque
945 2718 1046 2757 illud,
1079 2718 1172 2761 quod
1198 2717 1461 2761 Harpocration
1496 2728 1527 2754 s.
1552 2730 1587 2753 v.
1611 2716 1764 2755 ἕπακτός

111 2766 221 2816 ὅρκος
252 2776 491 2816 psi-senescis
524 2774 571 2808 ad
603 2774 838 2808 Demonicum
876 2774 1133 2817 Apolloniatae
1163 2776 1298 2814 tribuit.
1336 2779 1376 2811 in
1406 2777 1583 2822 liquidum
1614 2777 1763 2819 perduci

113 2830 201 2875 quit,
224 2839 440 2875 quamquem
471 2832 694 2868 Benselerus
723 2833 761 2867 in
783 2834 898 2876 praef.
932 2834 989 2868 ed.
1014 2842 1101 2867 suse
1132 2844 1168 2878 p.
1190 2832 1242 2868 1v
1266 2844 1360 2881 sqq..
1390 2837 1427 2870 et
1450 2836 1496 2870 de
1526 2836 1624 2869 hiatu
1648 2844 1684 2877 p.
1708 2835 1766 2869 37.

113 2888 247 2930 docuit,
272 2889 406 2925 rectius
424 2890 470 2925 de
487 2889 721 2936 Apolloniats
739 2892 905 2936 cogitari.
951 2892 1001 2927 Cf.
1020 2891 1154 2928 Annot.
1178 2894 1213 2927 in
1239 2903 1295 2935 ep.
1319 2902 1415 2929 socr.
1430 2894 1488 2927 80.
1506 2894 1619 2928 Orell.
1643 2904 1677 2935 p.
1694 2894 1764 2928 272

1834 258 1859 317 ξι

1846 414 1871 492 l
